2039 3188
285 945 510 1010 Publicae
550 964 720 1005 scholae
760 962 910 1005 officiis
950 964 1189 1017 quicunque
1230 963 1460 1005 obstrictus
1500 964 1623 1006 modo
1664 964 1742 1007 hac

190 1035 316 1076 modo
348 1035 423 1076 illa
455 1035 778 1088 disciplinarum
809 1035 992 1076 materia
1020 1035 1206 1076 animum
1231 1035 1396 1088 cogitur
1418 1034 1623 1086 imbuere,
1658 1049 1740 1088 quo

191 1105 439 1159 diligentius
481 1110 610 1159 atque
648 1106 889 1147 accuratius
928 1105 1043 1147 illius
1085 1106 1273 1147 muneris
1312 1105 1496 1158 negotiis
1529 1106 1743 1148 studuerit

190 1175 322 1229 fungi,
358 1189 408 1218 eo
440 1177 576 1218 artius
611 1181 830 1218 contracta
857 1176 1032 1218 habebit
1063 1181 1266 1229 proveeta
1299 1176 1369 1217 ille
1403 1177 1573 1229 quidem
1601 1180 1744 1219 aetate

189 1252 430 1301 temporum
479 1248 633 1301 spatia,
684 1248 836 1301 quibus
885 1249 939 1289 ad
982 1260 1032 1288 ea
1072 1248 1214 1289 studia
1251 1250 1504 1299 revertatur,
1552 1247 1664 1289 unde
1702 1248 1743 1289 ei

188 1319 373 1360 maxima
394 1319 493 1361 olim
511 1319 781 1361 redundabat
799 1319 927 1360 animi
947 1318 1187 1360 oblectatio.
1224 1319 1422 1359 Attamen
1442 1321 1672 1371 quaeretur
1689 1319 1742 1360 ab

189 1390 336 1431 eodem
360 1393 489 1443 atque
513 1390 756 1432 invenietur
781 1402 1082 1442 nonnunquam
1101 1392 1267 1431 tantum
1285 1389 1436 1430 saltem
1457 1388 1532 1430 otii
1551 1390 1742 1441 quamvis

188 1461 382 1513 angustis
415 1460 572 1503 finibus
607 1461 988 1513 circumscriptum,
1021 1463 1070 1502 ut
1104 1460 1360 1512 colligantur
1391 1459 1466 1500 illa
1499 1460 1669 1512 quidem
1700 1464 1743 1501 et

190 1535 512 1584 componantur,
562 1544 684 1585 quae,
735 1544 829 1573 cum
877 1531 1109 1583 scriptores
1157 1535 1391 1584 poetasque
1426 1535 1500 1571 aut
1532 1531 1742 1583 interpre-

189 1606 357 1644 taretur
389 1606 464 1645 aut
494 1615 637 1645 secum
659 1603 752 1655 ipse
776 1602 940 1654 legeret
963 1615 1011 1643 ac
1033 1603 1257 1655 relegeret,
1291 1602 1359 1642 hic
1382 1602 1469 1642 illic
1491 1602 1533 1642 in
1557 1606 1742 1642 mentem

189 1677 411 1715 venerunt.
462 1673 614 1726 Itaque
637 1686 687 1716 ex
711 1673 968 1726 collegarum
990 1686 1166 1715 numero
1192 1686 1284 1714 cum
1307 1674 1355 1723 is,
1388 1673 1459 1725 qui
1481 1673 1547 1713 his
1570 1673 1741 1715 scholae

188 1744 413 1787 annalibus
448 1745 499 1786 de
532 1757 607 1786 suo
641 1757 686 1786 se
720 1745 881 1797 aliquid
915 1756 1008 1785 esse
1037 1745 1369 1797 praemissurum
1393 1744 1663 1796 promiserat,
1697 1744 1740 1785 in

189 1815 384 1857 morbum
414 1815 520 1857 satis
544 1815 790 1856 diuturnum
814 1827 861 1855 ae
883 1815 1129 1867 languidum
1155 1815 1375 1856 incidisset
1396 1815 1470 1866 ita,
1493 1818 1540 1855 ut
1562 1818 1741 1856 naturae

189 1885 416 1939 iniquitate
448 1886 679 1939 impeditus
713 1898 794 1927 non
827 1891 974 1938 posset
1005 1890 1120 1927 stare
1152 1886 1374 1938 promisso,
1417 1886 1506 1926 eius
1540 1897 1617 1937 ego
1649 1885 1741 1928 vice

189 1955 357 1999 functus
390 1957 616 1999 nonnullas
650 1957 948 1999 adnotationes
979 1957 1161 2009 criticas,
1195 1969 1299 2009 quas
1321 1957 1518 2009 antiquos
1540 1956 1740 1998 lectitans

189 2028 419 2080 scriptores
467 2028 652 2081 priscum
702 2031 871 2069 secutus
910 2040 1070 2069 morem
1104 2027 1236 2069 latino
1270 2040 1464 2069 sermone
1497 2026 1738 2069 libellorum

189 2099 287 2140 olim
319 2099 502 2152 margini
537 2099 760 2152 adscripsi,
794 2099 872 2140 hac
907 2100 1128 2140 occasione
1159 2099 1258 2140 data
1282 2098 1480 2150 colligere
1504 2102 1558 2144 et,
1593 2111 1739 2150 quam-

187 2170 250 2212 vis
288 2174 432 2212 essent
476 2170 657 2222 exiguae
692 2183 740 2212 ac
772 2169 973 2222 pusillae,
1024 2169 1181 2221 publici
1214 2170 1318 2210 iuris
1351 2169 1490 2211 facere
1524 2170 1736 2211 constitui.

304 2242 364 2282 Ac
397 2241 595 2294 quoniam
644 2241 824 2282 maxime
871 2252 1005 2293 usque
1054 2253 1228 2292 oporam
1277 2240 1373 2280 dedi
1408 2239 1584 2281 Luciani
1616 2240 1738 2282 libris

188 2311 438 2365 legendis1),
472 2312 534 2353 ita
563 2312 912 2354 dissertationem
935 2312 1172 2364 instituam,
1196 2315 1244 2352 ut
1266 2323 1290 2351 a
1312 2311 1498 2352 Luciano
1520 2310 1738 2364 profectus

190 2395 240 2424 ea
270 2383 428 2436 ubique
455 2383 622 2435 addam,
656 2396 765 2436 quae
788 2383 900 2436 apud
924 2383 1030 2424 alios
1053 2395 1220 2435 quoque
1244 2381 1473 2434 scriptores
1497 2387 1539 2423 et
1560 2394 1738 2435 graecos

189 2457 233 2494 et
263 2453 419 2495 latinos
456 2454 559 2495 mihi
592 2455 738 2496 videor
770 2454 993 2496 invenisse.

305 2569 334 2614 ¹)
369 2569 424 2604 De
461 2569 552 2604 locis
578 2570 770 2605 Lucianeis
808 2570 962 2604 disserui
998 2570 1035 2603 in
1063 2568 1261 2603 ‘observat
1291 2568 1438 2602 criticae
1465 2568 1502 2602 in
1530 2568 1741 2602 Lucianum‘

184 2627 324 2673 (Progr.
353 2627 417 2662 der
441 2628 588 2672 Konigl.
614 2629 923 2663 Ritterakadernie
950 2628 1117 2672 Liegnitz
1148 2628 1262 2669 1880),
1294 2627 1499 2661 ‘Lectiones
1526 2627 1739 2661 Lucianeae’

188 2687 533 2730 (Commentationes
559 2687 683 2732 philol.
702 2688 739 2722 in
757 2688 930 2722 honorem
951 2687 1043 2731 Aug.
1062 2686 1323 2721 Reifferscheid
1347 2685 1499 2720 Breslau
1522 2686 1638 2731 1884),
1671 2686 1737 2720 ‘De

184 2746 368 2781 nonnullis
410 2746 651 2790 glossematis,
692 2747 844 2781 maxime
888 2747 1107 2782 Galenianis'
1148 2745 1381 2789 (Festschrift
1423 2756 1485 2780 zur
1527 2746 1634 2780 Feier
1675 2745 1736 2780 des

188 2804 406 2850 25jahrigen
432 2805 630 2840 Bestehens
658 2806 720 2841 des
747 2806 997 2851 Gymnasiums
1025 2816 1067 2839 zu
1093 2804 1206 2840 Jauer
1235 2806 1349 2850 1890).

1412 2863 1452 2899 1*
