2039 3188
915 155 964 194 13

165 274 347 315 tivorum
384 271 572 313 ‘solutus'
609 283 655 312 ac
692 270 826 313 ‘liber'
859 272 902 313 in
926 271 1010 313 Cic.
1037 271 1087 312 de
1111 270 1223 311 divin
1246 269 1267 310 I
1291 270 1334 310 2:
1370 271 1476 310 ‘cum
1588 268 1716 309 animi

165 347 399 385 ....m0tu
431 343 514 395 ipsi
547 354 622 383 suo
656 342 794 383 soluto
830 346 873 383 et
905 342 1039 384 libero
1075 341 1388 382 invitarentur‘.

282 415 329 455 In
362 413 513 455 Tacit.
538 411 653 454 Anu.
679 412 729 454 II
763 424 832 466 cp.
858 413 924 454 21:
970 413 1156 465 ‘Iamque
1189 423 1284 453 sero
1318 411 1402 452 diei
1437 410 1634 451 subducit
1666 421 1717 450 ex

166 485 255 527 acie
302 485 512 537 legionem
561 482 766 525 faciendis
816 484 985 525 castris:
1037 487 1204 525 ceterae
1253 482 1304 522 ad
1353 484 1520 523 noctem
1569 491 1718 522 cruore

163 556 349 598 hostium
382 554 564 595 satiatae
597 554 722 596 sunt'.
771 553 914 596 Efficit
945 566 1024 595 vox
1057 552 1253 595 ‘ceterae'
1286 556 1334 593 ut
1367 552 1558 593 Tacitum
1582 551 1718 603 scrip-

166 627 273 668 sisse
306 629 522 678 putemus:
559 625 832 678 ‘Legionem
866 638 1022 668 unam.
1076 624 1237 666 Eadem
1270 624 1417 665 vocula
1450 623 1718 665 desideratur

164 698 226 740 ib.
252 708 321 750 cp.
348 695 422 737 26:
468 696 689 738 ‘Precante
728 697 978 738 Germanico
1022 707 1203 737 annum
1248 693 1480 736 efficiendis
1521 692 1712 745 coeptis'.

165 767 358 821 Utroque
392 767 501 808 enim
536 767 626 808 loco
659 766 783 808 facile
815 766 908 807 fieri
942 766 1095 819 potuit,
1129 769 1176 806 ut
1208 769 1306 818 post
1338 776 1487 806 nomen
1523 764 1721 805 similiter

169 839 323 880 cadens
357 837 610 879 adiectivum
645 837 862 879 numerale
896 837 1178 879 omitteretur.

284 909 332 950 In
356 907 471 950 Anu.
493 909 537 950 Π
565 920 635 962 cp.
659 907 715 950 43
750 909 921 950 Tacitus
954 911 1102 950 narrat
1135 907 1387 950 Germanico
1417 906 1722 948 alienationem

169 980 314 1032 patrui
337 992 524 1021 amorem
547 979 659 1032 apud
679 984 842 1022 ceteros
862 979 1048 1021 auxisse:
1092 981 1147 1020 ‘et
1165 978 1275 1031 quia,
1297 977 1447 1030 inquit,
1468 976 1722 1018 claritudine

170 1050 353 1092 materni
367 1050 534 1103 generis
548 1050 754 1102 anteibat,
767 1063 888 1092 avum
898 1051 953 1093 M.
968 1050 1209 1101 Antonium,
1223 1048 1471 1090 avunculum
1485 1048 1723 1099 Augustum

171 1121 325 1164 ferens.
391 1120 548 1163 Contra
595 1122 764 1164 Druso
812 1134 996 1174 proavus
1045 1133 1176 1174 eques
1214 1120 1430 1161 Romanus
1463 1118 1722 1171 Pomponius

171 1193 339 1235 Atticus
372 1193 578 1234 dedecere
614 1192 886 1235 Claudiorum
918 1193 1125 1245 imagines
1157 1189 1406 1233 videbatur'.
1469 1189 1559 1230 Non
1593 1188 1724 1230 habet

173 1264 339 1305 dativus
375 1263 556 1315 ‘Druso',
592 1264 702 1305 unde
736 1264 933 1316 pendeat.
982 1263 1088 1305 Nam
1121 1263 1222 1305 licet
1252 1262 1397 1303 multis
1423 1260 1527 1302 locis
1552 1259 1722 1302 Tacitus

171 1334 348 1376 liberius
380 1335 654 1387 usurpaverit
685 1335 874 1376 dativum
909 1334 1117 1377 commodi
1149 1333 1217 1389 (cf.
1252 1333 1456 1385 Draeger,
1497 1323 1724 1374 Ubersicht

173 1406 246 1447 des
270 1405 401 1447 Tacit.
428 1405 856 1458 Sprachgebrauches
879 1405 1010 1461 §32)‚
1043 1409 1186 1447 tamen
1219 1404 1299 1446 hoc
1330 1404 1422 1445 loco
1457 1403 1625 1444 dativus
1652 1402 1724 1443 ille

171 1489 304 1529 prope
329 1478 569 1529 genetivum
591 1476 888 1518 ‘Claudiorum’
917 1477 1103 1530 positum
1128 1475 1198 1517 vix
1223 1474 1325 1516 ferri
1343 1477 1498 1527 potest.
1545 1473 1726 1523 Quamo-

172 1547 290 1589 brem
316 1551 428 1599 sunt,
448 1548 520 1600 qui
538 1547 706 1599 virgula
723 1551 821 1600 post
839 1547 1004 1589 ‘Druso'
1030 1547 1172 1600 posita
1193 1545 1472 1598 interpretari
1496 1548 1723 1586 conentur:

176 1618 344 1660 ‘anders
366 1617 436 1659 bei
455 1617 648 1670 Drusus’,
667 1618 728 1660 ita
750 1622 797 1660 ut
819 1630 896 1660 sua
920 1619 1069 1671 cuique
1092 1630 1210 1659 mens
1237 1617 1494 1659 sententiam
1526 1616 1726 1669 suppleat

174 1702 224 1730 ex
272 1689 636 1730 antecedentibus.
698 1689 755 1730 At
802 1689 971 1742 planius
1020 1688 1069 1730 fit
1109 1692 1245 1730 totum
1281 1688 1547 1729 enuntiatum
1580 1686 1725 1728 addito

174 1763 273 1801 ante
309 1758 566 1801 infinitivum
614 1760 845 1802 ‘dedecere'
886 1760 1135 1813 pronomine
1177 1759 1281 1812 qui:
1332 1759 1562 1811 „Dagegen
1605 1757 1727 1799 hatte

173 1831 339 1873 Drusus
371 1844 466 1872 zum
497 1831 702 1874 Urahnen
736 1831 816 1873 den
850 1835 953 1872 rem.
978 1831 1119 1872 Ritter
1151 1830 1409 1883 Pomponius
1438 1829 1618 1880 Atticus,
1652 1829 1728 1870 der

175 1903 269 1945 dem
303 1902 592 1944 Stammbaum
626 1903 702 1944 der
735 1901 932 1944 Claudier
974 1901 1167 1943 Schande
1200 1914 1250 1942 zu
1283 1901 1458 1942 machen
1492 1900 1680 1942 schien“.

291 1973 340 2015 In
357 1973 468 2015 Tac.
486 1972 603 2018 Arm.
623 1973 700 2015 III
718 1985 785 2027 cp.
810 1972 867 2014 62
885 1973 989 2014 haec
1007 1973 1224 2025 leguntur:
1260 1971 1379 2013 ‘Exin
1399 1970 1543 2025 Cyprii
1560 1972 1636 2025 (sc.
1658 1983 1726 2013 ex-

176 2045 378 2098 posuere)
412 2044 550 2087 tribus
584 2045 635 2087 de
669 2044 795 2097 (hanc
827 2044 1189 2096 praepositionem
1221 2044 1312 2085 iure
1343 2043 1523 2084 inseruit
1543 2042 1727 2084 Bezzen-

174 2116 398 2168 bergerus)
446 2115 653 2167 delubris,
706 2128 886 2169 quorum
932 2115 1267 2157 vetustissimum
1310 2114 1500 2166 Paphiae
1538 2113 1728 2155 Veneri

177 2190 356 2228 auctor
394 2187 558 2238 Aerias,
607 2190 706 2240 post
750 2186 862 2228 filius
897 2187 985 2228 eius
1019 2185 1226 2227 Amathus
1259 2185 1417 2227 Veneri
1449 2185 1727 2226 Amathusiae

178 2262 220 2299 et
241 2257 330 2299 Iovi
354 2257 588 2300 Salaminio
613 2258 787 2309 Teucer,
823 2257 1063 2299 Telamonis
1096 2257 1231 2309 patris
1264 2257 1329 2297 ira
1350 2255 1568 2309 profugus,
1603 2268 1728 2309 posu-

175 2328 338 2371 issent'.
383 2328 688 2370 Difficultatem
722 2328 1034 2381 interpretandi
1058 2326 1189 2370 efficit
1211 2340 1360 2369 nomen
1386 2327 1575 2369 ‘auctor'.
1620 2326 1727 2368 Nam

179 2399 349 2441 Aeriam
398 2399 659 2441 conditorem
707 2397 838 2441 fuisse
885 2398 1035 2451 templi
1083 2398 1212 2450 illius,
1260 2398 1303 2439 id
1355 2399 1466 2452 quod
1514 2399 1556 2440 in
1591 2398 1728 2440 Taciti

175 2470 274 2511 hist.
300 2469 341 2511 II
374 2482 436 2522 cp.
461 2471 485 2511 3
535 2474 902 2521 commemoratur,
952 2470 1056 2512 satis
1105 2469 1274 2511 videtur
1314 2481 1558 2522 expressum
1598 2469 1727 2511 verbo

176 2540 458 2594 ‘posuissent'.
508 2541 699 2584 Eundem
735 2541 866 2584 fuisse
889 2541 1071 2594 primum
1110 2540 1239 2582 trium
1279 2541 1557 2591 conditorum,
1608 2540 1726 2582 cuius

176 2611 413 2664 exemplum
459 2613 644 2665 posteris
693 2617 1016 2665 proponeretur,
1065 2624 1166 2654 voce
1199 2611 1562 2654 ‘vetustissimum’
1600 2611 1728 2653 deno-

175 2686 304 2724 tatur.
370 2682 470 2724 Fuit
511 2684 661 2725 Aerias
695 2684 903 2737 generis
938 2687 1137 2735 auctor,
1179 2683 1298 2725 iuxta
1330 2695 1454 2736 quem
1487 2683 1647 2725 mentio
1679 2681 1728 2725 fit

177 2752 267 2795 filii.
331 2754 523 2797 Litterae
571 2758 712 2798 autem
759 2755 874 2797 vocis
909 2755 1102 2807 ‘generis'
1149 2758 1235 2796 tam
1268 2767 1403 2808 prope
1435 2753 1643 2796 accedunt
1675 2753 1728 2795 ad
