2039 3188
922 163 975 203 29

170 282 271 321 ante
320 279 430 320 diem
479 278 667 320 tertium'
715 301 771 308 —
819 278 993 321 instent.
1072 279 1221 321 Victos
1267 283 1410 322 autem
1449 282 1613 324 modico
1653 284 1725 326 illo

172 349 402 391 certamine
427 348 594 390 Poenos
628 348 848 400 appellare
881 361 964 390 non
995 349 1153 402 potuit,
1187 349 1223 391 si
1256 351 1369 403 apud
1402 363 1473 393 eos
1507 364 1727 395 caesorum

169 431 372 461 numerus
410 418 546 459 minor
585 416 737 459 fuisset
770 431 895 471 quam
929 419 1041 471 apud
1073 419 1300 462 Romanos.
1365 421 1485 470 Quod
1517 434 1608 464 cum
1642 436 1728 465 non

168 488 336 542 fugeret
368 489 567 539 editores,
602 489 676 529 alii
708 501 785 541 pro
819 501 994 531 numero
1030 489 1234 541 ‘triginta'
1275 490 1591 534 substituerunt
1629 495 1726 535 ‘tre-

170 560 310 611 centi'‚
329 559 401 601 alii
421 559 765 612 ‘quadringenti'.
800 560 856 601 At
873 559 993 601 nimii
1011 560 1211 602 videntur
1229 572 1322 602 esse
1339 560 1383 602 hi
1402 563 1581 606 numeri.
1615 562 1726 604 Nam

169 633 234 671 tot
266 630 472 671 militibus
503 630 681 672 alterius
714 630 850 682 partis
875 629 1010 672 caesis
1044 630 1128 670 iam
1160 642 1242 672 non
1276 631 1487 673 modicum
1510 632 1553 673 id
1574 632 1728 675 fuisset

170 704 398 751 certamen,
434 700 507 741 sed
541 701 847 752 propemodum
879 700 1030 751 ingens
1053 700 1294 742 Poenorum
1319 701 1473 744 clades
1525 701 1727 756 Suspicor

169 782 247 823 ego
270 771 441 823 quidem
462 771 665 812 maiorem
688 769 820 811 fuisse
849 782 1072 811 numerum
1094 769 1346 822 Poenorum,
1371 771 1443 823 qui
1467 771 1725 825 ceciderant,

169 853 294 893 quam
326 841 626 892 Romanorum,
662 843 707 881 at
738 853 821 882 non
854 844 975 882 tanto
1009 840 1229 882 maiorem.
1290 841 1489 883 Forsitan
1523 843 1728 885 exciderit

167 911 280 952 inter
296 911 487 952 voculam
509 911 660 963 ‘quam'
679 914 722 952 et
744 923 963 952 numerum
982 910 1102 951 XXX
1121 911 1288 963 signum
1306 911 1353 962 L,
1378 911 1439 952 ita
1456 915 1503 953 ut
1521 913 1727 965 scriptum

167 980 316 1022 fuerit:
377 993 485 1023 nam
533 981 815 1023 Poenorum
868 981 1176 1022 ceciderunt
1228 982 1360 1023 haud
1412 981 1529 1034 plus
1583 995 1727 1036 quam

166 1051 339 1102 LXXX,
372 1051 588 1093 Romani
621 1051 666 1092 L.

286 1122 433 1163 Liceat
456 1122 585 1163 etiam
609 1122 660 1163 de
683 1121 898 1163 nonnullis
921 1121 1025 1164 locis
1048 1134 1177 1175 agere
1207 1121 1366 1174 latinis,
1403 1123 1475 1175 qui
1507 1122 1617 1165 alius
1642 1123 1726 1165 alio

167 1192 291 1234 modo
338 1192 424 1233 sint
473 1192 696 1244 inquinati.
761 1191 932 1234 Caesar
979 1192 1034 1234 de
1068 1193 1179 1235 bell.
1216 1192 1330 1244 gall.
1362 1191 1400 1234 V
1429 1191 1454 1233 5
1497 1192 1652 1235 iterum
1685 1193 1727 1234 in

166 1262 434 1303 Britanniam
480 1262 750 1314 profecturus
798 1262 871 1303 ubi
905 1275 998 1304 cum
1029 1262 1272 1316 legionibus
1306 1263 1359 1304 ad
1391 1265 1565 1315 portum
1598 1263 1728 1304 Itium

165 1332 373 1384 pervenit,
410 1333 643 1385 ‘cognoscit
674 1333 748 1373 XL
781 1345 924 1384 naves,
971 1345 1079 1386 quae
1113 1334 1161 1374 in
1196 1333 1383 1375 Meldis
1415 1332 1553 1375 factae
1589 1337 1724 1385 erant,

165 1405 423 1455 tempestate
456 1403 639 1444 reiectas
673 1415 841 1445 cursum
874 1406 1022 1444 tenere
1057 1416 1140 1445 non
1173 1403 1366 1456 potuisse
1400 1407 1528 1456 atque
1564 1404 1726 1455 eodem,

167 1473 280 1514 unde
327 1477 451 1514 erant
490 1473 721 1525 profectae,
769 1474 1028 1516 revertisse'.
1094 1474 1226 1515 Meldi
1259 1474 1412 1526 exigua
1445 1477 1545 1516 sunt
1577 1474 1727 1516 civitas

166 1544 209 1584 in
249 1543 455 1585 interiore
485 1543 626 1585 Gallia
664 1543 777 1584 inter
811 1543 1053 1596 Sequanam
1086 1547 1130 1586 et
1162 1544 1404 1585 Matronam
1440 1542 1590 1585 fluvios
1625 1545 1726 1595 sita3

167 1625 304 1666 neque
337 1617 414 1665 est,
452 1625 524 1655 cur
550 1614 592 1655 in
620 1626 766 1655 eorum
788 1613 944 1656 finibus
976 1626 1107 1656 naves
1131 1614 1232 1655 illae
1254 1614 1328 1655 XL
1352 1614 1440 1655 sint
1461 1613 1726 1657 aedificatae.

167 1683 349 1726 Etiamsi
383 1688 526 1726 autem
560 1682 719 1725 Caesar
752 1684 805 1726 ab
841 1684 893 1725 iis
926 1687 993 1726 tot
1023 1684 1196 1737 navigia
1219 1684 1364 1726 ornari
1386 1684 1584 1726 iussisset
1619 1688 1661 1726 et
1693 1685 1730 1727 si

165 1766 296 1796 naves
334 1766 411 1807 per
444 1754 685 1795 Matronam
719 1753 1045 1807 Sequanamque
1079 1755 1122 1796 in
1154 1767 1272 1796 mare
1304 1758 1533 1808 provectae
1565 1758 1727 1808 tempe-

167 1828 281 1866 state
314 1825 376 1866 ita
425 1828 568 1866 essent
606 1825 805 1875 reiectae,
855 1828 903 1866 ut
935 1825 989 1866 ad
1022 1825 1146 1866 Ilium
1179 1828 1352 1877 portum
1383 1825 1608 1877 pervenire
1641 1839 1725 1868 non

167 1898 360 1948 possent,
410 1907 493 1936 non
527 1898 593 1936 est
624 1894 856 1937 verisimile
890 1907 962 1937 eas
996 1896 1157 1947 eodem,
1191 1896 1304 1937 unde
1337 1899 1460 1937 erant
1492 1895 1724 1948 profectae,

165 1964 297 2006 fuisse
369 1976 617 2007 reversuras
690 1965 882 2006 adversis
951 1963 1198 2007 fluminibus
1268 1965 1374 2016 illis,
1440 1967 1483 2007 in
1545 1966 1724 2008 Meldos.

164 2036 337 2077 Falsum
372 2036 511 2088 gentis
545 2047 697 2077 nomen
732 2035 774 2076 in
808 2038 972 2077 textum
1006 2035 1232 2088 irrepsisse
1265 2038 1462 2087 apertum
1496 2039 1574 2078 est.
1628 2036 1726 2079 Sus-

164 2108 284 2159 picor
317 2118 394 2159 ego
429 2107 599 2159 quidem
633 2105 859 2147 Caesarem
892 2105 1141 2159 Venellis‚
1184 2118 1293 2158 quae
1327 2109 1391 2147 est
1425 2106 1575 2148 civitas
1608 2119 1726 2148 mare

165 2177 370 2229 accolens,
406 2190 430 2218 a
454 2177 613 2219 Sabino
647 2177 791 2229 legato
825 2176 990 2218 duobus
1014 2176 1136 2218 annis
1160 2179 1260 2217 ante
1283 2176 1407 2218 victis
1431 2176 1723 2229 imperavisse,

164 2253 212 2290 ut
243 2260 442 2301 magnum
475 2249 594 2289 illum
629 2260 849 2289 numerum
883 2247 1051 2288 navium
1082 2250 1350 2289 exornarent.

285 2317 505 2371 Carataco,
556 2318 744 2360 Silurum
793 2318 912 2369 duce,
962 2321 1087 2370 capto
1130 2318 1393 2369 Romamque
1426 2317 1552 2359 ducto
1586 2342 1641 2347 —
1675 2321 1726 2360 ut

164 2388 298 2430 refert
339 2388 446 2431 Tac.
480 2389 528 2431 in
561 2388 675 2431 Ann.
699 2387 789 2430 XII
814 2389 868 2429 38
901 2412 959 2417 —
992 2387 1216 2440 ambiguae
1265 2388 1554 2429 Romanorum
1603 2391 1726 2429 erant

164 2471 233 2500 res
265 2459 308 2500 in
340 2459 565 2501 Britannia
599 2459 715 2510 ‘sive,
761 2462 902 2500 amoto
937 2458 1145 2500 Carataco
1170 2458 1293 2510 quasi
1317 2458 1578 2500 debellatum
1600 2458 1724 2510 foret,

165 2529 303 2571 minus
352 2529 520 2571 intenta
561 2530 675 2582 apud
707 2541 782 2570 nos
817 2529 970 2570 militia
1002 2528 1096 2580 fuit,
1146 2529 1236 2570 sive
1268 2528 1415 2570 hostes
1448 2529 1725 2570 miseratione

163 2600 274 2641 tanti
307 2600 421 2651 regis
455 2600 594 2641 acrius
623 2600 677 2641 ad
698 2599 907 2641 ultionem
931 2611 1143 2640 exarsere.
1176 2598 1462 2649 {Praefectum
1487 2602 1725 2640 castrorum

165 2675 209 2712 et
241 2669 500 2723 legionarias
535 2670 732 2711 cohortes
776 2670 1046 2711 exstruendis
1080 2669 1195 2722 apud
1229 2668 1391 2711 Siluras
1425 2669 1626 2721 prasidiis
1659 2682 1726 2710 re-

164 2740 289 2782 lictas
341 2739 694 2792 circumfundunt,
745 2752 802 2782 ac
850 2741 898 2781 ni
940 2741 1046 2782 cito
1087 2740 1292 2782 nuntiis
1326 2753 1376 2782 ex
1409 2739 1596 2782 castellis
1628 2753 1725 2792 pro-
