<?xml version="1.0" encoding="UTF-8"?>
<!DOCTYPE html PUBLIC "-//W3C//DTD XHTML 1.0 Transitional//EN"
    "http://www.w3.org/TR/xhtml1/DTD/xhtml1-transitional.dtd">
<html xmlns="http://www.w3.org/1999/xhtml" xml:lang="en" lang="en">
 <head>
  <title>
</title>
<meta http-equiv="Content-Type" content="text/html;charset=utf-8" />
  <meta name='ocr-system' content='tesseract 3.04.00' />
  <meta name='ocr-capabilities' content='ocr_page ocr_carea ocr_par ocr_line ocrx_word'/>
</head>
<body>
  <div class='ocr_page' id='page_1' title='image "adnotationescrit00paetuoft_0034.png"; bbox 0 0 2039 3188; ppageno 0'>
   <div class='ocr_carea' id='block_1_1' title="bbox 1007 141 1063 181">
    <p class='ocr_par' dir='ltr' id='par_1_1' title="bbox 1007 141 1063 181">
     <span class='ocr_line' id='line_1_1' title="bbox 1007 141 1063 181; baseline 0 0"><span class='ocrx_word' id='word_1_1' title='bbox 1007 141 1063 181; x_wconf 84' lang='lat'>30</span> 
     </span>
    </p>
   </div>
   <div class='ocr_carea' id='block_1_2' title="bbox 927 199 1138 204">
    <p class='ocr_par' dir='ltr' id='par_1_2' title="bbox 927 199 1138 204">
     <span class='ocr_line' id='line_1_2' title="bbox 927 199 1138 204; baseline 0 0"><span class='ocrx_word' id='word_1_2' title='bbox 927 199 1138 204; x_wconf 95' lang='lat' dir='ltr'> </span> 
     </span>
    </p>
   </div>
   <div class='ocr_carea' id='block_1_3' title="bbox 251 255 1833 2776">
    <p class='ocr_par' dir='ltr' id='par_1_3' title="bbox 251 255 1833 1294">
     <span class='ocr_line' id='line_1_3' title="bbox 253 255 1809 308; baseline -0.001 -7"><span class='ocrx_word' id='word_1_3' title='bbox 253 260 374 301; x_wconf 83' lang='lat' dir='ltr'>xlmis</span> <span class='ocrx_word' id='word_1_4' title='bbox 399 259 651 300; x_wconf 83' lang='lat' dir='ltr'><strong>subventum</strong></span> <span class='ocrx_word' id='word_1_5' title='bbox 676 256 798 308; x_wconf 85' lang='lat' dir='ltr'>foret,</span> <span class='ocrx_word' id='word_1_6' title='bbox 835 257 1054 308; x_wconf 86' lang='lat' dir='ltr'>copiarum</span> <span class='ocrx_word' id='word_1_7' title='bbox 1078 257 1299 299; x_wconf 86' lang='lat' dir='ltr'>obsidione</span> <span class='ocrx_word' id='word_1_8' title='bbox 1323 255 1649 299; x_wconf 85' lang='lat' dir='ltr'>occubuissent&#39;.</span> <span class='ocrx_word' id='word_1_9' title='bbox 1689 257 1809 299; x_wconf 88' lang='lat' dir='ltr'>Man-</span> 
     </span>
     <span class='ocr_line' id='line_1_4' title="bbox 254 326 1812 380; baseline -0.001 -9"><span class='ocrx_word' id='word_1_10' title='bbox 254 342 301 371; x_wconf 99' lang='lat' dir='ltr'>ca</span> <span class='ocrx_word' id='word_1_11' title='bbox 333 332 432 370; x_wconf 89' lang='lat' dir='ltr'>sunt</span> <span class='ocrx_word' id='word_1_12' title='bbox 464 327 595 368; x_wconf 88' lang='lat' dir='ltr'>verba</span> <span class='ocrx_word' id='word_1_13' title='bbox 631 327 690 367; x_wconf 79' lang='lat' dir='ltr'>‘ni</span> <span class='ocrx_word' id='word_1_14' title='bbox 726 328 809 368; x_wconf 84' lang='lat' dir='ltr'>clto</span> <span class='ocrx_word' id='word_1_15' title='bbox 843 326 1038 369; x_wconf 85' lang='lat' dir='ltr'>nuntiis&#39;.</span> <span class='ocrx_word' id='word_1_16' title='bbox 1094 326 1203 368; x_wconf 90' lang='lat' dir='ltr'>Nam</span> <span class='ocrx_word' id='word_1_17' title='bbox 1236 327 1346 380; x_wconf 90' lang='lat' dir='ltr'>quod</span> <span class='ocrx_word' id='word_1_18' title='bbox 1369 326 1606 368; x_wconf 87' lang='lat' dir='ltr'>Pfitznerus</span> <span class='ocrx_word' id='word_1_19' title='bbox 1639 326 1701 368; x_wconf 88' lang='lat' dir='ltr'>ita</span> <span class='ocrx_word' id='word_1_20' title='bbox 1722 326 1812 369; x_wconf 88' lang='lat' dir='ltr'>fere</span> 
     </span>
     <span class='ocr_line' id='line_1_5' title="bbox 252 397 1810 451; baseline -0.001 -11"><span class='ocrx_word' id='word_1_21' title='bbox 252 400 583 451; x_wconf 78' lang='lat' dir='ltr'>interpretatur,</span> <span class='ocrx_word' id='word_1_22' title='bbox 619 397 701 438; x_wconf 93' lang='lat' dir='ltr'>cito</span> <span class='ocrx_word' id='word_1_23' title='bbox 737 397 907 439; x_wconf 91' lang='lat' dir='ltr'>nuntios</span> <span class='ocrx_word' id='word_1_24' title='bbox 937 409 1031 439; x_wconf 89' lang='lat' dir='ltr'>esse</span> <span class='ocrx_word' id='word_1_25' title='bbox 1054 398 1207 439; x_wconf 89' lang='lat' dir='ltr'>missos</span> <span class='ocrx_word' id='word_1_26' title='bbox 1231 398 1284 439; x_wconf 86' lang='lat' dir='ltr'>ad</span> <span class='ocrx_word' id='word_1_27' title='bbox 1307 398 1508 439; x_wconf 86' lang='lat' dir='ltr'>auxilium</span> <span class='ocrx_word' id='word_1_28' title='bbox 1535 410 1584 438; x_wconf 85' lang='lat' dir='ltr'>ex</span> <span class='ocrx_word' id='word_1_29' title='bbox 1606 397 1810 450; x_wconf 82' lang='lat' dir='ltr'><strong>proximis</strong></span> 
     </span>
     <span class='ocr_line' id='line_1_6' title="bbox 254 467 1811 519; baseline 0 -10"><span class='ocrx_word' id='word_1_30' title='bbox 254 469 440 510; x_wconf 71' lang='lat' dir='ltr'>castellis</span> <span class='ocrx_word' id='word_1_31' title='bbox 489 468 800 519; x_wconf 84' lang='lat' dir='ltr'>arcessendum,</span> <span class='ocrx_word' id='word_1_32' title='bbox 851 468 902 509; x_wconf 84' lang='lat' dir='ltr'>id.</span> <span class='ocrx_word' id='word_1_33' title='bbox 942 480 1025 509; x_wconf 89' lang='lat' dir='ltr'>una</span> <span class='ocrx_word' id='word_1_34' title='bbox 1073 480 1174 509; x_wconf 88' lang='lat' dir='ltr'>voce</span> <span class='ocrx_word' id='word_1_35' title='bbox 1223 467 1410 510; x_wconf 89' lang='lat' dir='ltr'>‘nuntiis&#39;</span> <span class='ocrx_word' id='word_1_36' title='bbox 1455 467 1688 519; x_wconf 80' lang='lat' dir='ltr'>significari</span> <span class='ocrx_word' id='word_1_37' title='bbox 1727 479 1811 510; x_wconf 92' lang='lat' dir='ltr'>non</span> 
     </span>
     <span class='ocr_line' id='line_1_7' title="bbox 251 536 1812 591; baseline 0.001 -12"><span class='ocrx_word' id='word_1_38' title='bbox 251 541 407 591; x_wconf 87' lang='lat' dir='ltr'>potest.</span> <span class='ocrx_word' id='word_1_39' title='bbox 473 538 589 587; x_wconf 90' lang='lat' dir='ltr'>Quae</span> <span class='ocrx_word' id='word_1_40' title='bbox 637 536 867 579; x_wconf 88' lang='lat' dir='ltr'>difficultas</span> <span class='ocrx_word' id='word_1_41' title='bbox 916 550 969 579; x_wconf 87' lang='lat' dir='ltr'>ne</span> <span class='ocrx_word' id='word_1_42' title='bbox 1016 538 1151 591; x_wconf 88' lang='lat' dir='ltr'>Lipsii</span> <span class='ocrx_word' id='word_1_43' title='bbox 1200 538 1369 591; x_wconf 88' lang='lat' dir='ltr'>quidem</span> <span class='ocrx_word' id='word_1_44' title='bbox 1419 539 1663 580; x_wconf 87' lang='lat' dir='ltr'>coniectura</span> <span class='ocrx_word' id='word_1_45' title='bbox 1702 537 1812 580; x_wconf 86' lang='lat' dir='ltr'>‘citis</span> 
     </span>
     <span class='ocr_line' id='line_1_8' title="bbox 251 608 1811 661; baseline 0.001 -12"><span class='ocrx_word' id='word_1_46' title='bbox 251 608 424 650; x_wconf 89' lang='lat' dir='ltr'>nuntiis&#39;</span> <span class='ocrx_word' id='word_1_47' title='bbox 460 608 642 650; x_wconf 89' lang='lat' dir='ltr'>tollitur.</span> <span class='ocrx_word' id='word_1_48' title='bbox 697 608 913 649; x_wconf 88' lang='lat' dir='ltr'>Wurmius</span> <span class='ocrx_word' id='word_1_49' title='bbox 962 612 1104 650; x_wconf 86' lang='lat' dir='ltr'>autem</span> <span class='ocrx_word' id='word_1_50' title='bbox 1138 609 1366 661; x_wconf 87' lang='lat' dir='ltr'>participio</span> <span class='ocrx_word' id='word_1_51' title='bbox 1401 608 1614 650; x_wconf 82' lang='lat' dir='ltr'>‘dimissis’</span> <span class='ocrx_word' id='word_1_52' title='bbox 1649 608 1811 650; x_wconf 89' lang='lat' dir='ltr'>inserto</span> 
     </span>
     <span class='ocr_line' id='line_1_9' title="bbox 251 678 1812 732; baseline 0.001 -12"><span class='ocrx_word' id='word_1_53' title='bbox 251 679 418 731; x_wconf 86' lang='lat' dir='ltr'>longius</span> <span class='ocrx_word' id='word_1_54' title='bbox 451 678 644 720; x_wconf 80' lang='lat' dir='ltr'>abscedit</span> <span class='ocrx_word' id='word_1_55' title='bbox 676 690 700 719; x_wconf 90' lang='lat' dir='ltr'>a</span> <span class='ocrx_word' id='word_1_56' title='bbox 732 679 903 720; x_wconf 87' lang='lat' dir='ltr'>traditis</span> <span class='ocrx_word' id='word_1_57' title='bbox 937 679 1109 721; x_wconf 90' lang='lat' dir='ltr'>litteris.</span> <span class='ocrx_word' id='word_1_58' title='bbox 1164 679 1396 732; x_wconf 88' lang='lat' dir='ltr'>Nipperdei</span> <span class='ocrx_word' id='word_1_59' title='bbox 1430 691 1528 721; x_wconf 88' lang='lat' dir='ltr'>vero</span> <span class='ocrx_word' id='word_1_60' title='bbox 1555 679 1812 730; x_wconf 86' lang='lat' dir='ltr'>coniectura,</span> 
     </span>
     <span class='ocr_line' id='line_1_10' title="bbox 252 748 1813 802; baseline -0.001 -11"><span class='ocrx_word' id='word_1_61' title='bbox 252 762 344 791; x_wconf 90' lang='lat' dir='ltr'>cum</span> <span class='ocrx_word' id='word_1_62' title='bbox 391 748 542 791; x_wconf 80' lang='lat' dir='ltr'>scribit</span> <span class='ocrx_word' id='word_1_63' title='bbox 590 749 687 790; x_wconf 86' lang='lat' dir='ltr'>‘cito</span> <span class='ocrx_word' id='word_1_64' title='bbox 738 749 899 790; x_wconf 85' lang='lat' dir='ltr'>nuntiis</span> <span class='ocrx_word' id='word_1_65' title='bbox 947 762 969 791; x_wconf 91' lang='lat' dir='ltr'>e</span> <span class='ocrx_word' id='word_1_66' title='bbox 1012 749 1200 791; x_wconf 81' lang='lat' dir='ltr'>castellis</span> <span class='ocrx_word' id='word_1_67' title='bbox 1240 749 1444 802; x_wconf 83' lang='lat' dir='ltr'>proximis</span> <span class='ocrx_word' id='word_1_68' title='bbox 1493 749 1645 791; x_wconf 90' lang='lat' dir='ltr'>missis&#39;</span> <span class='ocrx_word' id='word_1_69' title='bbox 1680 748 1813 791; x_wconf 89' lang='lat' dir='ltr'>habet</span> 
     </span>
     <span class='ocr_line' id='line_1_11' title="bbox 251 819 1812 872; baseline 0 -11"><span class='ocrx_word' id='word_1_70' title='bbox 251 832 353 861; x_wconf 90' lang='lat' dir='ltr'>sane</span> <span class='ocrx_word' id='word_1_71' title='bbox 401 819 562 872; x_wconf 84' lang='lat' dir='ltr'>aliquid</span> <span class='ocrx_word' id='word_1_72' title='bbox 609 819 832 871; x_wconf 85' lang='lat' dir='ltr'>probabile</span> <span class='ocrx_word' id='word_1_73' title='bbox 878 820 953 861; x_wconf 91' lang='lat' dir='ltr'>illa</span> <span class='ocrx_word' id='word_1_74' title='bbox 1000 820 1169 872; x_wconf 88' lang='lat' dir='ltr'>quidem</span> <span class='ocrx_word' id='word_1_75' title='bbox 1203 833 1252 861; x_wconf 82' lang='lat' dir='ltr'>ex</span> <span class='ocrx_word' id='word_1_76' title='bbox 1286 820 1487 860; x_wconf 86' lang='lat' dir='ltr'>ductuum</span> <span class='ocrx_word' id='word_1_77' title='bbox 1519 819 1812 871; x_wconf 86' lang='lat' dir='ltr'>similitudine,</span> 
     </span>
     <span class='ocr_line' id='line_1_12' title="bbox 251 889 1815 943; baseline 0.001 -13"><span class='ocrx_word' id='word_1_78' title='bbox 251 894 295 930; x_wconf 88' lang='lat' dir='ltr'>at</span> <span class='ocrx_word' id='word_1_79' title='bbox 343 901 435 931; x_wconf 85' lang='lat' dir='ltr'>rem</span> <span class='ocrx_word' id='word_1_80' title='bbox 474 902 558 930; x_wconf 92' lang='lat' dir='ltr'>non</span> <span class='ocrx_word' id='word_1_81' title='bbox 591 890 696 931; x_wconf 89' lang='lat' dir='ltr'>satis</span> <span class='ocrx_word' id='word_1_82' title='bbox 730 889 932 941; x_wconf 88' lang='lat' dir='ltr'>illustrat,</span> <span class='ocrx_word' id='word_1_83' title='bbox 982 891 1182 942; x_wconf 91' lang='lat' dir='ltr'>quoniam</span> <span class='ocrx_word' id='word_1_84' title='bbox 1215 891 1355 932; x_wconf 89' lang='lat' dir='ltr'>nuntii</span> <span class='ocrx_word' id='word_1_85' title='bbox 1388 890 1513 943; x_wconf 89' lang='lat' dir='ltr'>pauci</span> <span class='ocrx_word' id='word_1_86' title='bbox 1548 901 1642 932; x_wconf 87' lang='lat' dir='ltr'>esse</span> <span class='ocrx_word' id='word_1_87' title='bbox 1674 889 1815 932; x_wconf 86' lang='lat' dir='ltr'>solent</span> 
     </span>
     <span class='ocr_line' id='line_1_13' title="bbox 252 960 1812 1013; baseline 0.001 -12"><span class='ocrx_word' id='word_1_88' title='bbox 252 973 390 1013; x_wconf 90' lang='lat' dir='ltr'>neque</span> <span class='ocrx_word' id='word_1_89' title='bbox 422 960 609 1002; x_wconf 87' lang='lat' dir='ltr'>liberare</span> <span class='ocrx_word' id='word_1_90' title='bbox 643 964 824 1012; x_wconf 86' lang='lat' dir='ltr'>possunt</span> <span class='ocrx_word' id='word_1_91' title='bbox 845 961 1057 1003; x_wconf 89' lang='lat' dir='ltr'>inclusum</span> <span class='ocrx_word' id='word_1_92' title='bbox 1080 962 1312 1003; x_wconf 82' lang='lat' dir='ltr'>exercitum</span> <span class='ocrx_word' id='word_1_93' title='bbox 1337 960 1553 1013; x_wconf 87' lang='lat' dir='ltr'>copiarum</span> <span class='ocrx_word' id='word_1_94' title='bbox 1577 960 1812 1002; x_wconf 87' lang='lat' dir='ltr'>obsidione.</span> 
     </span>
     <span class='ocr_line' id='line_1_14' title="bbox 251 1018 1833 1083; baseline 0.001 -12"><span class='ocrx_word' id='word_1_95' title='bbox 251 1031 443 1082; x_wconf 87' lang='lat' dir='ltr'>Haesito,</span> <span class='ocrx_word' id='word_1_96' title='bbox 493 1035 635 1072; x_wconf 89' lang='lat' dir='ltr'>utrum</span> <span class='ocrx_word' id='word_1_97' title='bbox 678 1031 853 1083; x_wconf 87' lang='lat' dir='ltr'>probem</span> <span class='ocrx_word' id='word_1_98' title='bbox 888 1031 1227 1083; x_wconf 84' lang='lat' dir='ltr'>Bezzenbergeri</span> <span class='ocrx_word' id='word_1_99' title='bbox 1262 1031 1602 1073; x_wconf 82' lang='lat' dir='ltr'>emendationem</span> <span class='ocrx_word' id='word_1_100' title='bbox 1636 1018 1833 1073; x_wconf 57' lang='lat' dir='ltr'>‘cunctis‘</span> 
     </span>
     <span class='ocr_line' id='line_1_15' title="bbox 252 1100 1811 1154; baseline -0.001 -11"><span class='ocrx_word' id='word_1_101' title='bbox 252 1114 302 1143; x_wconf 83' lang='lat' dir='ltr'>ex</span> <span class='ocrx_word' id='word_1_102' title='bbox 335 1101 523 1143; x_wconf 87' lang='lat' dir='ltr'>castellis</span> <span class='ocrx_word' id='word_1_103' title='bbox 555 1100 787 1154; x_wconf 81' lang='lat' dir='ltr'>proximis&#39;,</span> <span class='ocrx_word' id='word_1_104' title='bbox 823 1114 1078 1154; x_wconf 86' lang='lat' dir='ltr'>quamquam</span> <span class='ocrx_word' id='word_1_105' title='bbox 1110 1102 1244 1144; x_wconf 88' lang='lat' dir='ltr'>verba</span> <span class='ocrx_word' id='word_1_106' title='bbox 1277 1101 1466 1142; x_wconf 89' lang='lat' dir='ltr'>‘cunctis&#39;</span> <span class='ocrx_word' id='word_1_107' title='bbox 1505 1106 1548 1142; x_wconf 92' lang='lat' dir='ltr'>et</span> <span class='ocrx_word' id='word_1_108' title='bbox 1582 1101 1811 1154; x_wconf 83' lang='lat' dir='ltr'>‘proximis&#39;</span> 
     </span>
     <span class='ocr_line' id='line_1_16' title="bbox 252 1171 1814 1224; baseline 0.001 -13"><span class='ocrx_word' id='word_1_109' title='bbox 252 1172 434 1224; x_wconf 89' lang='lat' dir='ltr'>quodam</span> <span class='ocrx_word' id='word_1_110' title='bbox 468 1171 591 1212; x_wconf 90' lang='lat' dir='ltr'>modo</span> <span class='ocrx_word' id='word_1_111' title='bbox 626 1171 739 1212; x_wconf 91' lang='lat' dir='ltr'>inter</span> <span class='ocrx_word' id='word_1_112' title='bbox 762 1183 808 1213; x_wconf 88' lang='lat' dir='ltr'>se</span> <span class='ocrx_word' id='word_1_113' title='bbox 831 1171 1090 1224; x_wconf 83' lang='lat' dir='ltr'>discrepant,</span> <span class='ocrx_word' id='word_1_114' title='bbox 1126 1184 1177 1213; x_wconf 89' lang='lat' dir='ltr'>an</span> <span class='ocrx_word' id='word_1_115' title='bbox 1204 1172 1398 1213; x_wconf 87' lang='lat' dir='ltr'>Tacitum</span> <span class='ocrx_word' id='word_1_116' title='bbox 1422 1171 1646 1224; x_wconf 87' lang='lat' dir='ltr'>scripsisse</span> <span class='ocrx_word' id='word_1_117' title='bbox 1667 1175 1814 1224; x_wconf 85' lang='lat' dir='ltr'>putem</span> 
     </span>
     <span class='ocr_line' id='line_1_17' title="bbox 254 1241 1812 1294; baseline 0.001 -13"><span class='ocrx_word' id='word_1_118' title='bbox 254 1243 326 1282; x_wconf 87' lang='lat' dir='ltr'>‘ac</span> <span class='ocrx_word' id='word_1_119' title='bbox 364 1241 413 1281; x_wconf 91' lang='lat' dir='ltr'>ni</span> <span class='ocrx_word' id='word_1_120' title='bbox 455 1242 561 1282; x_wconf 91' lang='lat' dir='ltr'>cito</span> <span class='ocrx_word' id='word_1_121' title='bbox 602 1244 705 1282; x_wconf 89' lang='lat' dir='ltr'>tum</span> <span class='ocrx_word' id='word_1_122' title='bbox 738 1241 806 1282; x_wconf 93' lang='lat' dir='ltr'>iis</span> <span class='ocrx_word' id='word_1_123' title='bbox 839 1254 889 1283; x_wconf 81' lang='lat' dir='ltr'>ex</span> <span class='ocrx_word' id='word_1_124' title='bbox 923 1242 1112 1283; x_wconf 84' lang='lat' dir='ltr'>castellis</span> <span class='ocrx_word' id='word_1_125' title='bbox 1144 1243 1348 1294; x_wconf 85' lang='lat' dir='ltr'>proximis</span> <span class='ocrx_word' id='word_1_126' title='bbox 1383 1242 1635 1284; x_wconf 83' lang='lat' dir='ltr'>subventum</span> <span class='ocrx_word' id='word_1_127' title='bbox 1668 1241 1812 1284; x_wconf 86' lang='lat' dir='ltr'>foret’.</span> 
     </span>
    </p>

    <p class='ocr_par' dir='ltr' id='par_1_4' title="bbox 252 1310 1818 2776">
     <span class='ocr_line' id='line_1_18' title="bbox 371 1310 1814 1366; baseline 0.002 -14"><span class='ocrx_word' id='word_1_128' title='bbox 371 1310 648 1353; x_wconf 87' lang='lat' dir='ltr'>Perdifficilia</span> <span class='ocrx_word' id='word_1_129' title='bbox 680 1315 780 1353; x_wconf 88' lang='lat' dir='ltr'>sunt</span> <span class='ocrx_word' id='word_1_130' title='bbox 812 1312 1047 1364; x_wconf 86' lang='lat' dir='ltr'>intellectu,</span> <span class='ocrx_word' id='word_1_131' title='bbox 1082 1325 1191 1366; x_wconf 88' lang='lat' dir='ltr'>quae</span> <span class='ocrx_word' id='word_1_132' title='bbox 1224 1313 1424 1365; x_wconf 85' lang='lat' dir='ltr'>leguntur</span> <span class='ocrx_word' id='word_1_133' title='bbox 1456 1313 1500 1354; x_wconf 93' lang='lat' dir='ltr'>in</span> <span class='ocrx_word' id='word_1_134' title='bbox 1523 1312 1630 1355; x_wconf 86' lang='lat' dir='ltr'>Tac.</span> <span class='ocrx_word' id='word_1_135' title='bbox 1660 1310 1814 1355; x_wconf 75' lang='lat' dir='ltr'>Germ.</span> 
     </span>
     <span class='ocr_line' id='line_1_19' title="bbox 253 1382 1816 1438; baseline 0.001 -14"><span class='ocrx_word' id='word_1_136' title='bbox 253 1394 317 1435; x_wconf 86' lang='lat' dir='ltr'>cp.</span> <span class='ocrx_word' id='word_1_137' title='bbox 344 1382 423 1424; x_wconf 84' lang='lat'>38:</span> <span class='ocrx_word' id='word_1_138' title='bbox 464 1382 650 1435; x_wconf 87' lang='lat' dir='ltr'>‘Insigne</span> <span class='ocrx_word' id='word_1_139' title='bbox 686 1382 826 1435; x_wconf 87' lang='lat' dir='ltr'>gentis</span> <span class='ocrx_word' id='word_1_140' title='bbox 860 1382 1134 1438; x_wconf 82' lang='lat' dir='ltr'>(Sueborum)</span> <span class='ocrx_word' id='word_1_141' title='bbox 1169 1382 1392 1436; x_wconf 87' lang='lat' dir='ltr'>obliquare</span> <span class='ocrx_word' id='word_1_142' title='bbox 1426 1383 1585 1425; x_wconf 88' lang='lat' dir='ltr'>crinem</span> <span class='ocrx_word' id='word_1_143' title='bbox 1619 1383 1816 1436; x_wconf 87' lang='lat' dir='ltr'>nodoque</span> 
     </span>
     <span class='ocr_line' id='line_1_20' title="bbox 253 1452 1816 1506; baseline 0 -12"><span class='ocrx_word' id='word_1_144' title='bbox 253 1453 557 1506; x_wconf 82' lang='lat' dir='ltr'>substringere.</span> <span class='ocrx_word' id='word_1_145' title='bbox 625 1452 692 1494; x_wconf 90' lang='lat' dir='ltr'>Sic</span> <span class='ocrx_word' id='word_1_146' title='bbox 742 1452 870 1494; x_wconf 83' lang='lat' dir='ltr'>Suebi</span> <span class='ocrx_word' id='word_1_147' title='bbox 919 1465 943 1493; x_wconf 93' lang='lat' dir='ltr'>a</span> <span class='ocrx_word' id='word_1_148' title='bbox 977 1453 1132 1494; x_wconf 88' lang='lat' dir='ltr'>ceteris</span> <span class='ocrx_word' id='word_1_149' title='bbox 1182 1453 1421 1505; x_wconf 85' lang='lat' dir='ltr'>Germanis,</span> <span class='ocrx_word' id='word_1_150' title='bbox 1470 1453 1531 1495; x_wconf 91' lang='lat' dir='ltr'>sic</span> <span class='ocrx_word' id='word_1_151' title='bbox 1580 1452 1816 1496; x_wconf 88' lang='lat' dir='ltr'>Sueborum</span> 
     </span>
     <span class='ocr_line' id='line_1_21' title="bbox 253 1523 1818 1576; baseline 0.001 -12"><span class='ocrx_word' id='word_1_152' title='bbox 253 1523 425 1576; x_wconf 87' lang='lat' dir='ltr'>ingenui</span> <span class='ocrx_word' id='word_1_153' title='bbox 460 1536 484 1564; x_wconf 90' lang='lat' dir='ltr'>a</span> <span class='ocrx_word' id='word_1_154' title='bbox 518 1523 652 1565; x_wconf 87' lang='lat' dir='ltr'>servis</span> <span class='ocrx_word' id='word_1_155' title='bbox 687 1526 956 1576; x_wconf 87' lang='lat' dir='ltr'>separantur.</span> <span class='ocrx_word' id='word_1_156' title='bbox 1006 1523 1054 1564; x_wconf 89' lang='lat' dir='ltr'>In</span> <span class='ocrx_word' id='word_1_157' title='bbox 1088 1523 1184 1565; x_wconf 90' lang='lat' dir='ltr'>aliis</span> <span class='ocrx_word' id='word_1_158' title='bbox 1219 1523 1433 1575; x_wconf 83' lang='lat' dir='ltr'>gentibus,</span> <span class='ocrx_word' id='word_1_159' title='bbox 1468 1535 1542 1564; x_wconf 87' lang='lat' dir='ltr'>seu</span> <span class='ocrx_word' id='word_1_160' title='bbox 1563 1524 1818 1576; x_wconf 83' lang='lat' dir='ltr'>cognatione</span> 
     </span>
     <span class='ocr_line' id='line_1_22' title="bbox 252 1593 1818 1647; baseline 0.001 -13"><span class='ocrx_word' id='word_1_161' title='bbox 252 1594 398 1647; x_wconf 88' lang='lat' dir='ltr'>aliqua</span> <span class='ocrx_word' id='word_1_162' title='bbox 431 1593 668 1636; x_wconf 86' lang='lat' dir='ltr'>Sueborum</span> <span class='ocrx_word' id='word_1_163' title='bbox 701 1605 791 1645; x_wconf 85' lang='lat' dir='ltr'>sen,</span> <span class='ocrx_word' id='word_1_164' title='bbox 841 1594 955 1647; x_wconf 90' lang='lat' dir='ltr'>quod</span> <span class='ocrx_word' id='word_1_165' title='bbox 987 1606 1117 1646; x_wconf 88' lang='lat' dir='ltr'>saepe</span> <span class='ocrx_word' id='word_1_166' title='bbox 1151 1594 1320 1646; x_wconf 85' lang='lat' dir='ltr'>accidit,</span> <span class='ocrx_word' id='word_1_167' title='bbox 1370 1594 1624 1646; x_wconf 76' lang='lat' dir='ltr'>imitatione,</span> <span class='ocrx_word' id='word_1_168' title='bbox 1673 1606 1818 1636; x_wconf 89' lang='lat' dir='ltr'>rarum</span> 
     </span>
     <span class='ocr_line' id='line_1_23' title="bbox 254 1664 1817 1717; baseline 0.001 -12"><span class='ocrx_word' id='word_1_169' title='bbox 254 1668 297 1705; x_wconf 92' lang='lat' dir='ltr'>et</span> <span class='ocrx_word' id='word_1_170' title='bbox 329 1665 443 1705; x_wconf 90' lang='lat' dir='ltr'>intra</span> <span class='ocrx_word' id='word_1_171' title='bbox 475 1665 676 1706; x_wconf 90' lang='lat' dir='ltr'>iuventae</span> <span class='ocrx_word' id='word_1_172' title='bbox 710 1664 915 1716; x_wconf 83' lang='lat' dir='ltr'>spatium:</span> <span class='ocrx_word' id='word_1_173' title='bbox 950 1664 1063 1717; x_wconf 88' lang='lat' dir='ltr'>apud</span> <span class='ocrx_word' id='word_1_174' title='bbox 1089 1664 1251 1706; x_wconf 90' lang='lat' dir='ltr'>Suebos</span> <span class='ocrx_word' id='word_1_175' title='bbox 1284 1676 1445 1717; x_wconf 89' lang='lat' dir='ltr'>usque</span> <span class='ocrx_word' id='word_1_176' title='bbox 1478 1665 1540 1705; x_wconf 89' lang='lat' dir='ltr'>ad</span> <span class='ocrx_word' id='word_1_177' title='bbox 1573 1665 1817 1707; x_wconf 89' lang='lat' dir='ltr'>canitiem</span> 
     </span>
     <span class='ocr_line' id='line_1_24' title="bbox 253 1734 1816 1788; baseline 0.002 -13"><span class='ocrx_word' id='word_1_178' title='bbox 253 1734 552 1776; x_wconf 88' lang='lat' dir='ltr'>horrentem</span> <span class='ocrx_word' id='word_1_179' title='bbox 597 1735 843 1787; x_wconf 89' lang='lat' dir='ltr'>capillum</span> <span class='ocrx_word' id='word_1_180' title='bbox 865 1738 1009 1776; x_wconf 88' lang='lat' dir='ltr'>retro</span> <span class='ocrx_word' id='word_1_181' title='bbox 1035 1738 1337 1788; x_wconf 80' lang='lat' dir='ltr'>sequuntur,</span> <span class='ocrx_word' id='word_1_182' title='bbox 1371 1747 1427 1777; x_wconf 86' lang='lat' dir='ltr'>ac</span> <span class='ocrx_word' id='word_1_183' title='bbox 1458 1747 1611 1788; x_wconf 87' lang='lat' dir='ltr'>saepe</span> <span class='ocrx_word' id='word_1_184' title='bbox 1634 1736 1682 1777; x_wconf 92' lang='lat' dir='ltr'>in</span> <span class='ocrx_word' id='word_1_185' title='bbox 1706 1736 1816 1788; x_wconf 91' lang='lat' dir='ltr'>ipso</span> 
     </span>
     <span class='ocr_line' id='line_1_25' title="bbox 252 1805 1818 1859; baseline 0 -12"><span class='ocrx_word' id='word_1_186' title='bbox 252 1805 453 1847; x_wconf 87' lang='lat' dir='ltr'>vertice</span> <span class='ocrx_word' id='word_1_187' title='bbox 486 1806 782 1859; x_wconf 89' lang='lat' dir='ltr'>religatur&#39;.</span> <span class='ocrx_word' id='word_1_188' title='bbox 835 1806 953 1857; x_wconf 84' lang='lat' dir='ltr'>Quae</span> <span class='ocrx_word' id='word_1_189' title='bbox 981 1806 1024 1847; x_wconf 93' lang='lat' dir='ltr'>in</span> <span class='ocrx_word' id='word_1_190' title='bbox 1047 1805 1169 1847; x_wconf 90' lang='lat' dir='ltr'>libris</span> <span class='ocrx_word' id='word_1_191' title='bbox 1194 1818 1321 1847; x_wconf 87' lang='lat' dir='ltr'>manu</span> <span class='ocrx_word' id='word_1_192' title='bbox 1344 1806 1516 1859; x_wconf 87' lang='lat' dir='ltr'>scriptis</span> <span class='ocrx_word' id='word_1_193' title='bbox 1538 1806 1701 1848; x_wconf 86' lang='lat' dir='ltr'>tradita</span> <span class='ocrx_word' id='word_1_194' title='bbox 1724 1818 1818 1848; x_wconf 91' lang='lat' dir='ltr'>cum</span> 
     </span>
     <span class='ocr_line' id='line_1_26' title="bbox 253 1876 1816 1927; baseline 0.001 -11"><span class='ocrx_word' id='word_1_195' title='bbox 253 1876 424 1927; x_wconf 83' lang='lat' dir='ltr'>planam</span> <span class='ocrx_word' id='word_1_196' title='bbox 458 1877 716 1918; x_wconf 90' lang='lat' dir='ltr'>sententiam</span> <span class='ocrx_word' id='word_1_197' title='bbox 750 1889 834 1919; x_wconf 91' lang='lat' dir='ltr'>non</span> <span class='ocrx_word' id='word_1_198' title='bbox 867 1877 1108 1927; x_wconf 77' lang='lat' dir='ltr'>exhibeant,</span> <span class='ocrx_word' id='word_1_199' title='bbox 1144 1877 1196 1919; x_wconf 88' lang='lat' dir='ltr'>ab</span> <span class='ocrx_word' id='word_1_200' title='bbox 1230 1877 1326 1919; x_wconf 91' lang='lat' dir='ltr'>aliis</span> <span class='ocrx_word' id='word_1_201' title='bbox 1361 1877 1447 1917; x_wconf 90' lang='lat' dir='ltr'>alia</span> <span class='ocrx_word' id='word_1_202' title='bbox 1479 1880 1580 1918; x_wconf 90' lang='lat' dir='ltr'>sunt</span> <span class='ocrx_word' id='word_1_203' title='bbox 1611 1876 1816 1919; x_wconf 85' lang='lat' dir='ltr'>coniecta.</span> 
     </span>
     <span class='ocr_line' id='line_1_27' title="bbox 253 1946 1816 2000; baseline 0.001 -14"><span class='ocrx_word' id='word_1_204' title='bbox 253 1946 467 1998; x_wconf 88' lang='lat' dir='ltr'>Hauptius</span> <span class='ocrx_word' id='word_1_205' title='bbox 515 1960 591 1998; x_wconf 87' lang='lat' dir='ltr'>pro</span> <span class='ocrx_word' id='word_1_206' title='bbox 648 1948 776 1988; x_wconf 89' lang='lat' dir='ltr'>‘retro</span> <span class='ocrx_word' id='word_1_207' title='bbox 827 1947 1076 2000; x_wconf 86' lang='lat' dir='ltr'>sequuntur’</span> <span class='ocrx_word' id='word_1_208' title='bbox 1129 1947 1306 1999; x_wconf 79' lang='lat' dir='ltr'>corrigit</span> <span class='ocrx_word' id='word_1_209' title='bbox 1355 1949 1605 1989; x_wconf 85' lang='lat' dir='ltr'>‘retrorsum</span> <span class='ocrx_word' id='word_1_210' title='bbox 1654 1946 1816 2000; x_wconf 89' lang='lat' dir='ltr'>agunt&#39;,</span> 
     </span>
     <span class='ocr_line' id='line_1_28' title="bbox 254 2016 1816 2070; baseline 0.001 -13"><span class='ocrx_word' id='word_1_211' title='bbox 254 2016 552 2058; x_wconf 89' lang='lat' dir='ltr'>Lachmannus</span> <span class='ocrx_word' id='word_1_212' title='bbox 587 2017 859 2070; x_wconf 60' lang='lat' dir='ltr'>‘reem-vaur,</span> <span class='ocrx_word' id='word_1_213' title='bbox 900 2018 974 2058; x_wconf 87' lang='lat' dir='ltr'>alii</span> <span class='ocrx_word' id='word_1_214' title='bbox 1025 2019 1292 2070; x_wconf 87' lang='lat' dir='ltr'>‘retorquere</span> <span class='ocrx_word' id='word_1_215' title='bbox 1326 2018 1522 2068; x_wconf 88' lang='lat' dir='ltr'>suetum&#39;,</span> <span class='ocrx_word' id='word_1_216' title='bbox 1557 2017 1632 2059; x_wconf 90' lang='lat' dir='ltr'>alii</span> <span class='ocrx_word' id='word_1_217' title='bbox 1667 2021 1816 2060; x_wconf 86' lang='lat' dir='ltr'>‘retor-</span> 
     </span>
     <span class='ocr_line' id='line_1_29' title="bbox 254 2087 1816 2140; baseline 0.001 -13"><span class='ocrx_word' id='word_1_218' title='bbox 254 2090 385 2139; x_wconf 89' lang='lat' dir='ltr'>quent</span> <span class='ocrx_word' id='word_1_219' title='bbox 417 2098 466 2128; x_wconf 88' lang='lat' dir='ltr'>ac</span> <span class='ocrx_word' id='word_1_220' title='bbox 498 2087 712 2140; x_wconf 85' lang='lat' dir='ltr'>religant&#39;.</span> <span class='ocrx_word' id='word_1_221' title='bbox 779 2088 939 2137; x_wconf 84' lang='lat' dir='ltr'>Quibus</span> <span class='ocrx_word' id='word_1_222' title='bbox 973 2088 1024 2129; x_wconf 88' lang='lat' dir='ltr'>de</span> <span class='ocrx_word' id='word_1_223' title='bbox 1059 2088 1313 2130; x_wconf 86' lang='lat' dir='ltr'>coniecturis</span> <span class='ocrx_word' id='word_1_224' title='bbox 1347 2089 1430 2129; x_wconf 90' lang='lat' dir='ltr'>iam</span> <span class='ocrx_word' id='word_1_225' title='bbox 1464 2088 1679 2130; x_wconf 88' lang='lat' dir='ltr'>Halmius:</span> <span class='ocrx_word' id='word_1_226' title='bbox 1731 2088 1816 2130; x_wconf 87' lang='lat' dir='ltr'>‘Vi-</span> 
     </span>
     <span class='ocr_line' id='line_1_30' title="bbox 257 2157 1816 2210; baseline 0.001 -12"><span class='ocrx_word' id='word_1_227' title='bbox 257 2157 394 2208; x_wconf 83' lang='lat' dir='ltr'>detur,</span> <span class='ocrx_word' id='word_1_228' title='bbox 428 2157 581 2210; x_wconf 82' lang='lat' dir='ltr'>inquit,</span> <span class='ocrx_word' id='word_1_229' title='bbox 617 2157 747 2200; x_wconf 89' lang='lat' dir='ltr'>altius</span> <span class='ocrx_word' id='word_1_230' title='bbox 781 2158 931 2200; x_wconf 88' lang='lat' dir='ltr'>vulnus</span> <span class='ocrx_word' id='word_1_231' title='bbox 965 2158 1119 2209; x_wconf 88' lang='lat' dir='ltr'>latere;</span> <span class='ocrx_word' id='word_1_232' title='bbox 1162 2170 1260 2199; x_wconf 88' lang='lat' dir='ltr'>nam</span> <span class='ocrx_word' id='word_1_233' title='bbox 1294 2159 1386 2200; x_wconf 89' lang='lat' dir='ltr'>loco</span> <span class='ocrx_word' id='word_1_234' title='bbox 1421 2159 1642 2200; x_wconf 87' lang='lat' dir='ltr'>indicativi</span> <span class='ocrx_word' id='word_1_235' title='bbox 1675 2158 1816 2200; x_wconf 91' lang='lat' dir='ltr'>infini-</span> 
     </span>
     <span class='ocr_line' id='line_1_31' title="bbox 254 2227 1816 2282; baseline 0.002 -14"><span class='ocrx_word' id='word_1_236' title='bbox 254 2227 388 2269; x_wconf 87' lang='lat' dir='ltr'>tivum</span> <span class='ocrx_word' id='word_1_237' title='bbox 436 2231 709 2279; x_wconf 83' lang='lat' dir='ltr'>exspectares</span> <span class='ocrx_word' id='word_1_238' title='bbox 757 2241 1010 2281; x_wconf 86' lang='lat' dir='ltr'>suspensum</span> <span class='ocrx_word' id='word_1_239' title='bbox 1059 2230 1111 2270; x_wconf 89' lang='lat' dir='ltr'>ab</span> <span class='ocrx_word' id='word_1_240' title='bbox 1159 2229 1303 2282; x_wconf 91' lang='lat' dir='ltr'>aliquo</span> <span class='ocrx_word' id='word_1_241' title='bbox 1336 2229 1560 2279; x_wconf 89' lang='lat' dir='ltr'>adiectivo,</span> <span class='ocrx_word' id='word_1_242' title='bbox 1613 2230 1727 2282; x_wconf 91' lang='lat' dir='ltr'>quod</span> <span class='ocrx_word' id='word_1_243' title='bbox 1759 2230 1816 2271; x_wconf 90' lang='lat' dir='ltr'>sit</span> 
     </span>
     <span class='ocr_line' id='line_1_32' title="bbox 255 2298 1815 2352; baseline 0.002 -14"><span class='ocrx_word' id='word_1_244' title='bbox 255 2298 517 2339; x_wconf 87' lang='lat' dir='ltr'>contrarium</span> <span class='ocrx_word' id='word_1_245' title='bbox 563 2300 840 2350; x_wconf 88' lang='lat' dir='ltr'>praecedenti</span> <span class='ocrx_word' id='word_1_246' title='bbox 889 2299 1087 2340; x_wconf 85' lang='lat' dir='ltr'>‘rarum&#39;.&#39;</span> <span class='ocrx_word' id='word_1_247' title='bbox 1153 2299 1247 2341; x_wconf 89' lang='lat' dir='ltr'>Duo</span> <span class='ocrx_word' id='word_1_248' title='bbox 1295 2299 1399 2340; x_wconf 88' lang='lat' dir='ltr'>mihi</span> <span class='ocrx_word' id='word_1_249' title='bbox 1448 2300 1619 2352; x_wconf 87' lang='lat' dir='ltr'>quidem</span> <span class='ocrx_word' id='word_1_250' title='bbox 1673 2300 1815 2342; x_wconf 87' lang='lat' dir='ltr'>inesse</span> 
     </span>
     <span class='ocr_line' id='line_1_33' title="bbox 254 2368 1814 2422; baseline 0.002 -13"><span class='ocrx_word' id='word_1_251' title='bbox 254 2369 454 2409; x_wconf 88' lang='lat' dir='ltr'>videntur</span> <span class='ocrx_word' id='word_1_252' title='bbox 486 2368 591 2410; x_wconf 82' lang='lat' dir='ltr'>vitia</span> <span class='ocrx_word' id='word_1_253' title='bbox 623 2370 666 2410; x_wconf 89' lang='lat' dir='ltr'>in</span> <span class='ocrx_word' id='word_1_254' title='bbox 689 2370 830 2412; x_wconf 87' lang='lat' dir='ltr'>verbis</span> <span class='ocrx_word' id='word_1_255' title='bbox 855 2370 1039 2411; x_wconf 87' lang='lat' dir='ltr'>traditis.</span> <span class='ocrx_word' id='word_1_256' title='bbox 1082 2370 1221 2421; x_wconf 86' lang='lat' dir='ltr'>Latet,</span> <span class='ocrx_word' id='word_1_257' title='bbox 1247 2370 1411 2422; x_wconf 89' lang='lat' dir='ltr'>opinor,</span> <span class='ocrx_word' id='word_1_258' title='bbox 1437 2371 1478 2411; x_wconf 94' lang='lat' dir='ltr'>in</span> <span class='ocrx_word' id='word_1_259' title='bbox 1502 2370 1661 2411; x_wconf 90' lang='lat' dir='ltr'>litteris</span> <span class='ocrx_word' id='word_1_260' title='bbox 1686 2374 1814 2412; x_wconf 81' lang='lat' dir='ltr'>‘retro</span> 
     </span>
     <span class='ocr_line' id='line_1_34' title="bbox 254 2439 1814 2493; baseline 0.001 -13"><span class='ocrx_word' id='word_1_261' title='bbox 254 2439 501 2491; x_wconf 87' lang='lat' dir='ltr'>sequuntur&#39;</span> <span class='ocrx_word' id='word_1_262' title='bbox 565 2441 725 2482; x_wconf 89' lang='lat' dir='ltr'>totiens</span> <span class='ocrx_word' id='word_1_263' title='bbox 788 2441 963 2493; x_wconf 84' lang='lat' dir='ltr'>agitatis</span> <span class='ocrx_word' id='word_1_264' title='bbox 1016 2441 1192 2482; x_wconf 88' lang='lat' dir='ltr'>verbum</span> <span class='ocrx_word' id='word_1_265' title='bbox 1248 2440 1549 2493; x_wconf 85' lang='lat' dir='ltr'>‘retorquetur&#39;</span> <span class='ocrx_word' id='word_1_266' title='bbox 1606 2453 1698 2482; x_wconf 91' lang='lat' dir='ltr'>cum</span> <span class='ocrx_word' id='word_1_267' title='bbox 1751 2441 1814 2482; x_wconf 92' lang='lat' dir='ltr'>in-</span> 
     </span>
     <span class='ocr_line' id='line_1_35' title="bbox 255 2509 1815 2565; baseline 0.001 -15"><span class='ocrx_word' id='word_1_268' title='bbox 255 2509 534 2561; x_wconf 89' lang='lat' dir='ltr'>sequentibus</span> <span class='ocrx_word' id='word_1_269' title='bbox 567 2512 908 2565; x_wconf 87' lang='lat' dir='ltr'>coniungendum</span> <span class='ocrx_word' id='word_1_270' title='bbox 941 2512 1122 2564; x_wconf 90' lang='lat' dir='ltr'>ideoque</span> <span class='ocrx_word' id='word_1_271' title='bbox 1155 2511 1207 2553; x_wconf 89' lang='lat' dir='ltr'>ab</span> <span class='ocrx_word' id='word_1_272' title='bbox 1238 2512 1593 2554; x_wconf 86' lang='lat' dir='ltr'>antecedentibus</span> <span class='ocrx_word' id='word_1_273' title='bbox 1616 2511 1815 2564; x_wconf 85' lang='lat' dir='ltr'>graviore</span> 
     </span>
     <span class='ocr_line' id='line_1_36' title="bbox 255 2580 1814 2635; baseline 0.002 -15"><span class='ocrx_word' id='word_1_274' title='bbox 255 2580 614 2632; x_wconf 88' lang='lat' dir='ltr'>interpunctionis</span> <span class='ocrx_word' id='word_1_275' title='bbox 639 2582 759 2635; x_wconf 86' lang='lat' dir='ltr'>signo</span> <span class='ocrx_word' id='word_1_276' title='bbox 783 2583 1144 2635; x_wconf 88' lang='lat' dir='ltr'>distinguendum.</span> <span class='ocrx_word' id='word_1_277' title='bbox 1180 2581 1350 2634; x_wconf 89' lang='lat' dir='ltr'>Optime</span> <span class='ocrx_word' id='word_1_278' title='bbox 1374 2586 1516 2624; x_wconf 88' lang='lat' dir='ltr'>autem</span> <span class='ocrx_word' id='word_1_279' title='bbox 1541 2582 1814 2635; x_wconf 88' lang='lat' dir='ltr'>coniungitur</span> 
     </span>
     <span class='ocr_line' id='line_1_37' title="bbox 255 2650 1814 2705; baseline 0.003 -15"><span class='ocrx_word' id='word_1_280' title='bbox 255 2650 431 2691; x_wconf 83' lang='lat' dir='ltr'>verbum</span> <span class='ocrx_word' id='word_1_281' title='bbox 466 2651 767 2705; x_wconf 81' lang='lat' dir='ltr'>‘retorquetur&#39;</span> <span class='ocrx_word' id='word_1_282' title='bbox 803 2666 896 2695; x_wconf 89' lang='lat' dir='ltr'>cum</span> <span class='ocrx_word' id='word_1_283' title='bbox 935 2652 1065 2696; x_wconf 89' lang='lat' dir='ltr'>verbo</span> <span class='ocrx_word' id='word_1_284' title='bbox 1100 2651 1335 2705; x_wconf 84' lang='lat' dir='ltr'>‘religatur&#39;</span> <span class='ocrx_word' id='word_1_285' title='bbox 1369 2653 1444 2705; x_wconf 87' lang='lat' dir='ltr'>ita,</span> <span class='ocrx_word' id='word_1_286' title='bbox 1493 2656 1541 2694; x_wconf 88' lang='lat' dir='ltr'>ut</span> <span class='ocrx_word' id='word_1_287' title='bbox 1572 2652 1652 2694; x_wconf 92' lang='lat' dir='ltr'>hoc</span> <span class='ocrx_word' id='word_1_288' title='bbox 1684 2664 1814 2694; x_wconf 90' lang='lat' dir='ltr'>enun-</span> 
     </span>
     <span class='ocr_line' id='line_1_38' title="bbox 255 2720 1811 2776; baseline 0.001 -15"><span class='ocrx_word' id='word_1_289' title='bbox 255 2720 409 2762; x_wconf 86' lang='lat' dir='ltr'>tiatum</span> <span class='ocrx_word' id='word_1_290' title='bbox 458 2722 606 2764; x_wconf 84' lang='lat' dir='ltr'>eodem</span> <span class='ocrx_word' id='word_1_291' title='bbox 654 2736 790 2776; x_wconf 89' lang='lat' dir='ltr'>paene</span> <span class='ocrx_word' id='word_1_292' title='bbox 838 2737 965 2767; x_wconf 90' lang='lat' dir='ltr'>sensu</span> <span class='ocrx_word' id='word_1_293' title='bbox 999 2724 1055 2765; x_wconf 88' lang='lat' dir='ltr'>sit</span> <span class='ocrx_word' id='word_1_294' title='bbox 1088 2735 1135 2765; x_wconf 85' lang='lat' dir='ltr'>ac</span> <span class='ocrx_word' id='word_1_295' title='bbox 1169 2723 1366 2776; x_wconf 86' lang='lat' dir='ltr'>superius</span> <span class='ocrx_word' id='word_1_296' title='bbox 1400 2723 1507 2765; x_wconf 89' lang='lat' dir='ltr'>illud</span> <span class='ocrx_word' id='word_1_297' title='bbox 1540 2723 1811 2765; x_wconf 90' lang='lat' dir='ltr'>collocatum:</span> 
     </span>
    </p>
   </div>
  </div>
 </body>
</html>
