2039 3188
865 162 920 202 35

117 284 160 326 in
215 295 298 337 qua
351 282 397 323 L.
431 281 638 323 Mullerus
684 279 777 332 ipse
831 292 998 333 quoque
1045 280 1290 333 acquiescit.
1368 279 1425 322 At
1472 279 1670 333 displicet

117 354 336 396 notionum
383 352 602 404 congeries
654 351 697 393 in
748 349 890 393 verbis
944 350 1141 393 ‘lenimen
1194 351 1522 405 medicumque'3
1570 364 1668 393 nam

92 419 314 466 'barbiton
348 435 396 464 eo
429 422 536 474 ipso,
570 422 683 474 quod
715 421 821 463 lenit
851 420 1034 473 laboreS,
1069 421 1227 463 eisdem
1250 423 1456 466 medetur.
1507 422 1668 465 Forsit-

117 507 170 537 an
194 493 413 547 scripserit
436 493 640 535 Horatius
665 492 1054 545 ‘nitidssumque';
1088 505 1198 545 quae
1223 506 1303 535 vox
1324 506 1409 536 non
1437 494 1570 537 multo
1594 494 1668 537 ab·

117 566 293 607 scedens
326 577 351 606 a
382 564 554 606 traditis
592 563 750 605 litteris
783 567 952 616 spectat
984 563 1037 605 ad
1069 563 1187 617 lyrae
1220 565 1416 617 speciem,
1464 577 1556 607 cum
1588 577 1669 608 vox

117 636 265 678 ‘dulce’
300 635 353 677 ad
386 635 429 676 id
462 634 690 688 pertineat,
725 634 838 687 quod
871 634 1123 676 chordarum
1156 646 1259 676 sono
1294 635 1488 678 efficitur.

232 706 280 748 In
328 705 412 748 fine
460 718 496 748 c.
520 705 671 748 11129
694 705 899 748 Horatius
934 717 1055 746 suum
1104 717 1198 747 esse
1245 709 1387 759 negat,
1438 707 1474 748 si
1505 708 1669 760 mugiat

114 777 250 818 malus
283 776 436 819 Africis
468 777 680 830 procellis,
713 777 767 818 ad
798 776 976 818 miseras
1011 777 1238 819 decurrere
1269 789 1418 829 preces
1451 781 1526 819 aut
1557 779 1667 821 votis

114 848 287 901 pacisci,
319 861 372 890 ne
404 848 491 890 suis
524 847 733 890 mercibus
766 851 1004 900 augeantur
1036 848 1153 889 avari
1187 848 1363 890 divitiae
1395 849 1546 891 maris:

357 919 475 971 Tum,
508 919 659 972 inquit,
693 930 760 960 me
791 918 965 961 biremis
998 918 1214 971 praesidio
1247 919 1432 972 scaphae

357 990 511 1032 Tutum
544 1003 620 1043 per
652 990 843 1043 Aegaeos
877 990 1084 1031 tumultus

354 1060 490 1102 Aura
521 1060 631 1102 feret
662 1060 941 1113 geminusque
975 1060 1138 1101 Pollux.

114 1128 238 1172 Solus
262 1143 313 1172 ex
333 1131 639 1184 interpretibus
657 1131 980 1183 Peerlkampius
1004 1130 1047 1172 in
1070 1142 1171 1172 voce
1192 1131 1322 1172 ‘aura’
1344 1143 1437 1173 cum
1453 1130 1666 1184 haereret,

114 1202 286 1255 scripsit
327 1205 460 1244 ‘astra
495 1201 662 1245 ferent’.
729 1201 872 1244 Ceteri
909 1202 1081 1243 ‘auram'
1125 1202 1283 1255 opponi
1325 1202 1473 1244 volunt
1513 1203 1668 1246 Africis

113 1273 313 1325 procellis
339 1277 382 1314 et
404 1274 598 1325 intellegi
619 1273 740 1322 „eine
757 1274 894 1325 Brise,
914 1273 983 1315 ein
1000 1272 1179 1314 leichter
1203 1272 1443 1315 Lufthauch
1453 1278 1485 1316 “.
1535 1275 1669 1325 Quam

113 1343 167 1384 ad
199 1344 597 1396 interpretationem
634 1343 885 1386 firmandam
921 1344 968 1387 L.
1002 1344 1209 1386 Miillerus
1243 1345 1366 1386 dicit:
1414 1345 1488 1388 ubi
1526 1346 1668 1388 Ledae

111 1426 340 1466 puerorum
357 1415 455 1457 alba
473 1415 598 1457 stella
615 1415 846 1469 refulserit,
867 1415 1088 1458 concidere
1106 1419 1255 1458 ventos
1274 1415 1394 1469 (Hor.
1414 1429 1447 1458 c.
1465 1416 1564 1469 112,
1579 1419 1667 1471 30).

113 1485 170 1527 At
206 1485 286 1528 hoc
317 1486 408 1528 loco
443 1487 494 1528 de
528 1487 845 1529 concidentibus
877 1487 1015 1529 ventis
1050 1490 1124 1528 aut
1157 1487 1208 1528 de
1241 1487 1327 1528 leni
1361 1500 1465 1530 aura
1488 1489 1668 1541 cogitari

113 1569 195 1598 non
257 1560 411 1610 potest,
476 1570 568 1599 cum
614 1557 820 1600 Horatius
877 1570 970 1600 sese
1018 1556 1121 1599 ferri
1168 1558 1282 1599 dicat
1343 1571 1421 1611 per
1471 1559 1666 1611 Aegaeos

113 1627 334 1669 tumultus.
381 1628 575 1682 Namque
636 1629 708 1670 ubi
753 1632 852 1670 sunt
888 1629 1019 1671 maris
1057 1629 1277 1681 tumultus,
1326 1629 1447 1672 locus
1488 1643 1665 1684 prorsus

112 1711 196 1740 non
244 1703 309 1741 est
354 1699 439 1741 leni
487 1712 629 1742 aurae.
693 1700 926 1742 Praeterea
969 1699 1195 1742 adfirmare
1242 1701 1410 1743 videtur
1456 1706 1584 1755 poeta
1617 1715 1665 1745 eo

111 1781 205 1811 sese
239 1769 464 1823 confidere,
516 1771 628 1824 quod
668 1771 755 1812 suis
788 1772 880 1824 ipse
913 1771 1108 1814 manibus
1142 1784 1191 1813 ac
1223 1772 1384 1814 viribus
1417 1772 1530 1815 vitae
1564 1785 1666 1816 suae

113 1841 329 1894 navigium
363 1842 521 1894 dirigat
554 1854 602 1884 ac
632 1841 802 1885 fortiter
834 1855 912 1895 per
936 1843 1077 1885 omnia
1098 1843 1291 1896 pericula
1313 1843 1452 1895 ducat,
1487 1844 1530 1886 id
1553 1845 1666 1897 quod

113 1912 164 1952 de
198 1924 243 1953 se
273 1911 501 1965 profitetur
534 1913 664 1955 etiam
698 1913 915 1956 Goetheus
947 1917 1094 1956 noster
1126 1914 1169 1956 in
1203 1914 1389 1956 carmine
1421 1914 1510 1968 illo,
1552 1916 1665 1968 quod

111 1982 359 2025 inscribitur
378 1983 646 2036 „Seefahrt“.
695 1984 834 2035 Quid?
874 1985 984 2038 quod
1002 1997 1055 2027 ne
1073 1986 1127 2027 ad
1144 1985 1478 2039 gubernaculum
1496 1986 1666 2039 quidem

111 2054 329 2096 sedentem
377 2067 422 2096 se
469 2054 593 2108 fingit
639 2055 857 2105 Horatius,
906 2056 981 2098 sed
1022 2056 1196 2099 biremis
1228 2057 1444 2110 praesidio
1477 2057 1661 2110 scaphae

111 2124 349 2167 vehentem.
403 2125 483 2176 Qui
530 2126 658 2168 remis
706 2126 798 2179 ipse
845 2127 1050 2180 scapham
1096 2127 1247 2181 agitat,
1296 2127 1332 2169 is
1380 2140 1462 2170 non
1509 2129 1663 2171 nititur

111 2206 217 2236 aura
239 2196 293 2238 ad
313 2198 645 2249 promovendum
667 2198 896 2251 navigium,
925 2198 1001 2240 sed
1024 2199 1169 2240 unda.
1215 2198 1366 2252 Itaque
1388 2199 1497 2242 hanc
1518 2213 1664 2243 vocem

111 2267 304 2319 suspicor
334 2280 411 2321 pro
444 2280 546 2311 voce
579 2269 708 2311 ‘aura'
745 2269 846 2311 olim
879 2268 1013 2312 fuisse
1047 2269 1263 2322 scriptam.
1325 2269 1486 2313 Eadem
1519 2274 1663 2314 autem

109 2349 190 2378 vox
219 2338 510 2392 metaphorice
543 2343 684 2383 exstat
714 2343 922 2394 usurpata
956 2341 1000 2382 in
1032 2341 1135 2383 Hor.
1171 2353 1299 2383 carm.
1323 2341 1422 2395 117,
1450 2343 1527 2384 15:

513 2411 569 2453 Te
601 2424 749 2454 rursus
781 2412 824 2453 in
858 2412 1016 2454 bellum
1048 2412 1274 2458 resorbens

508 2482 633 2525 Unda
665 2482 789 2525 fretis
823 2483 923 2525 tulit
956 2483 1181 2529 aestmvsis,
