2039 3188
1043 175 1096 213 14

285 290 530 331 litterarum
578 287 755 330 formam
798 289 981 331 nominis
1015 290 1215 343 ‘Veneri’,
1262 294 1311 333 ut
1343 291 1439 333 illas
1472 291 1601 333 liceat
1633 293 1844 346 suspicari

287 361 339 403 ob
383 372 475 401 eam
510 371 681 401 causam
714 359 758 400 in
791 360 1009 402 veteribus
1041 360 1164 403 libris
1197 373 1291 404 esse
1324 362 1516 405 omissas.
1565 362 1654 404 Nec
1686 375 1769 405 non
1799 364 1842 406 in

283 431 397 473 Ann.
420 429 491 472 XI
515 442 584 484 cp.
610 429 674 482 14,
708 430 781 472 ubi
814 430 1066 484 explicatur,
1101 433 1310 484 quomodo
1342 433 1572 475 latinarum
1605 437 1725 476 ortae
1757 435 1844 477 sint

282 502 525 544 litterarum
557 500 732 555 formae,
771 501 916 543 verba:
970 501 1070 544 ‘Sed
1102 502 1224 544 nobis
1258 515 1428 556 quoque
1459 516 1622 557 paucae
1654 505 1839 557 primum

282 572 414 624 fuere,
440 572 593 614 deinde
615 571 800 614 additae'
826 562 1185 627 itarestituerim,
1209 576 1258 614 ut
1275 578 1375 616 ante
1395 575 1595 617 ‘additae'
1617 574 1841 629 suppleam

283 643 476 685 ‘aliae’.
549 643 598 685 In
630 641 857 685 Ann.XII
889 655 958 697 cp.
981 643 1045 695 51,
1093 643 1165 685 ubi
1213 643 1419 697 scriptum
1467 645 1679 688 videmus:
1729 648 1841 700 ‘post

281 713 558 757 festinatione
593 714 806 764 continua,
838 715 911 757 ubi
944 714 1093 767 quati
1124 717 1307 756 uterus
1340 719 1384 757 et
1414 716 1582 758 viscera
1602 716 1839 769 vibrantur,

282 798 407 828 orare
439 787 514 839 (sc.
538 798 643 827 uxor
675 785 950 839 Radamisti),
984 790 1031 827 ut
1063 789 1201 828 morte
1233 785 1418 828 honesta
1452 788 1721 830 contumeliis
1754 788 1841 830 exi-

281 857 498 908 meretur',
531 857 645 898 haud
673 856 847 898 dubium
874 857 1059 910 videtur,
1078 858 1178 911 quin
1203 858 1409 911 scriptum
1433 858 1564 900 fuerit
1586 860 1841 912 ‘quatitur

281 927 498 977 uterus'3
534 940 631 969 nam
665 928 905 981 quicunque
937 928 1044 982 legit
1076 928 1181 970 haec
1214 930 1356 981 verba,
1381 928 1608 972 offenditur
1632 929 1841 973 infinitivo

280 998 484 1041 historico
519 1011 611 1040 cum
644 998 757 1040 finiti
789 1000 908 1041 verbi
941 998 1078 1041 forma
1112 1000 1349 1043 coniuncto.

401 1070 464 1112 De
511 1070 603 1112 loco
653 1070 736 1112 alio
771 1082 820 1111 ex
853 1069 959 1113 Tac.
991 1070 1114 1113 Hist.
1141 1072 1165 1113 1
1188 1070 1248 1112 69
1281 1075 1452 1124 sumpto
1485 1072 1725 1114 accuratius
1756 1073 1841 1114 iam

280 1141 478 1194 exposuit
500 1140 744 1183 Wolfflinus
777 1141 929 1183 Philol.
953 1141 1098 1184 XXIII
1130 1155 1198 1195 pg.
1228 1143 1323 1185 135.
1388 1143 1596 1196 Aventici,
1630 1144 1743 1196 quod
1775 1148 1841 1186 est
1880 1154 1883 1157 ·

279 1212 576 1255 Helvetiorum
610 1213 826 1266 oppidum,
866 1213 1000 1265 legati
1039 1214 1094 1255 ad
1125 1213 1347 1255 Vitellium
1380 1214 1500 1255 missi
1531 1214 1715 1267 primum
1748 1215 1839 1268 qui-

280 1284 375 1326 dem
406 1283 701 1336 implacabiles
735 1284 988 1326 invenerunt
1021 1284 1184 1326 animos
1215 1290 1257 1326 ct
1280 1285 1554 1338 imperatoris
1576 1289 1621 1326 et
1642 1285 1838 1327 militum.

281 1354 459 1397 Claudio
493 1358 635 1397 autem
671 1355 814 1404 Cosso,
855 1355 930 1397 uni
963 1368 1014 1396 ex
1046 1356 1216 1409 legatis,
1249 1356 1409 1398 homini
1443 1360 1570 1398 notae
1601 1356 1838 1409 facundiae,

280 1427 453 1469 tandem
484 1427 676 1480 contigit,
712 1431 760 1468 ut
781 1439 860 1470 sua
884 1428 1052 1469 dicendi
1074 1431 1168 1469 arte
1191 1427 1353 1470 animos
1376 1427 1579 1480 placaret.
1628 1427 1718 1470 Iam
1741 1439 1840 1470 vero

279 1498 385 1540 haec
416 1498 597 1551 legimus
630 1499 792 1540 tradita
824 1499 866 1540 in
889 1498 1012 1540 libris
1036 1499 1358 1551 manuscriptis:
1395 1499 1466 1540 ‘Ut
1488 1502 1554 1540 est
1576 1511 1667 1540 mos
1688 1499 1840 1550 vulgus

279 1569 487 1612 mutabile
520 1570 673 1611 subitis
708 1574 751 1611 et
783 1575 870 1611 tam
903 1582 1083 1623 pronum
1118 1571 1160 1611 in
1183 1570 1521 1612 misericordiam
1547 1582 1673 1622 quam
1695 1570 1843 1611 immo-

280 1640 421 1682 dicum
463 1641 644 1683 saevitia
681 1640 834 1693 fuerat,
886 1640 1033 1684 effusis
1067 1641 1253 1683 lacrimis
1286 1645 1329 1683 et
1361 1641 1540 1682 meliora
1574 1641 1840 1683 constantius

278 1712 536 1765 postulando
565 1712 866 1764 impunitatem
889 1713 1155 1765 salutemque
1179 1712 1344 1754 civitati
1367 1711 1681 1765 impetravere'.
1733 1711 1842 1762 Quo-

279 1796 373 1825 rum
406 1783 450 1825 in
483 1783 605 1826 initio
639 1784 865 1826 verborum
899 1784 1013 1836 quod
1043 1783 1237 1826 Heraeus
1271 1796 1348 1836 pro
1381 1783 1531 1825 vocula
1568 1783 1684 1825 ‘mos'
1717 1784 1842 1824 resti·

280 1855 364 1896 tuit
416 1855 539 1896 ‘mox'
592 1855 740 1897 ordine
785 1842 854 1896 ita
906 1858 1089 1896 mutato:
1146 1857 1256 1896 ‘mox
1303 1857 1350 1896 ut
1396 1858 1462 1896 est
1508 1854 1659 1907 vulgus
1716 1854 1840 1907 sqq.'‚

282 1925 525 1968 Wolfflinus
558 1926 664 1967 satis
698 1926 903 1978 exemplis
937 1926 1285 1978 argumentisque
1318 1926 1362 1966 id
1394 1925 1594 1978 probavit
1617 1928 1660 1966 et
1683 1925 1840 1966 codicis

281 1996 492 2039 Budensis
539 1997 800 2039 auctoritate
848 1995 1045 2038 firmavit.
1110 1996 1320 2048 Displicet
1368 1998 1524 2048 autem,
1574 1995 1688 2048 quod
1729 1995 1842 2036 idem

280 2067 387 2110 haec
420 2068 545 2109 dicit:
589 2068 719 2120 „Dass
753 2081 804 2109 zu
839 2068 1151 2120 ‘impetravere‘
1185 2066 1303 2108 nicht
1335 2066 1403 2107 die
1435 2066 1725 2108 helvetischen
1760 2065 1843 2108 Ge-

280 2140 475 2191 sandten,
523 2140 708 2182 sondern
757 2140 824 2181 die
871 2139 1111 2181 romischen
1154 2137 1356 2180 Soldaten
1392 2137 1572 2190 SubJekt
1604 2137 1713 2188 sind,
1762 2138 1837 2178 hat

279 2211 473 2254 Heraeus
513 2211 671 2264 richtig
702 2210 938 2253 bemerkt“.
1003 2210 1110 2251 Nam
1142 2213 1443 2262 praeterquam
1478 2209 1590 2261 quod
1623 2209 1666 2250 in
1700 2208 1836 2250 altero

280 2283 500 2325 enuntiato
549 2283 757 2336 singulari
803 2282 940 2324 forma
988 2280 1180 2333 ‘vulgus’,
1230 2281 1271 2322 iu
1318 2280 1457 2322 altero
1505 2279 1663 2333 plurali
1707 2277 1837 2321 verbo

281 2355 594 2407 ‘impetravere'
644 2354 781 2396 eidem
824 2353 1019 2395 denotari
1066 2355 1272 2405 putantur
1320 2351 1491 2402 milites,
1540 2351 1608 2392 vix
1641 2349 1837 2403 equidem

280 2426 533 2469 crediderim
549 2426 720 2468 eosdem
733 2424 987 2477 milites,qui
1002 2424 1129 2477 paulo
1144 2426 1245 2465 ante
1262 2422 1469 2464 excidium
1484 2423 1773 2475 poposcerant
1789 2424 1834 2462 et

281 2498 371 2539 tela
417 2510 467 2540 ac
513 2510 663 2539 manus
710 2497 752 2538 in
803 2508 878 2538 ora
925 2496 1163 2548 legatorum
1203 2495 1537 2545 intentaverant,
1586 2492 1678 2534 sola
1717 2490 1838 2534 Cossi

281 2570 476 2612 oratione
510 2569 651 2611 subito
685 2569 747 2610 ita
781 2571 1063 2610 commutatos
1096 2578 1203 2617 esse,
1248 2569 1295 2607 ut
1327 2565 1524 2606 lacrimas
1558 2562 1835 2606 effunderent.

279 2640 412 2683 Immo
431 2641 566 2695 legati
585 2653 677 2683 cum
695 2639 1102 2681 animadvertissent
1118 2637 1278 2679 milites
1290 2635 1410 2678 Cossi
1427 2634 1569 2678 verbis
1588 2635 1832 2683 commotos,

279 2712 467 2754 lacrimis
514 2712 598 2764 ipsi
646 2709 789 2754 effusis
837 2709 1016 2751 meliora
1057 2707 1322 2750 constantius
1364 2705 1620 2758 postulando
1653 2703 1835 2756 impuni-

280 2787 414 2826 tatem
446 2783 713 2836 salutemque
747 2781 909 2824 civitati
940 2781 1292 2833 impetraverunt.
1353 2777 1471 2827 Quae
1502 2775 1716 2820 sententia
1745 2771 1835 2816 effi-
