2039 3188
896 197 920 238 7

132 313 260 366 εἶναι,
307 317 405 367 post
463 312 701 356 καλλίων
744 315 930 357 inseram
971 314 1086 367 ἡμῶ
1097 327 1141 364 ν,
1207 311 1324 354 6111118
1376 311 1491 354 vocis
1541 310 1680 354 forma

131 385 321 438 proxime
354 385 518 426 accedit
549 385 604 426 ad
634 384 814 427 formam
845 386 960 428 vocis
992 381 1204 426 καλλίων.

248 455 298 497 111
329 454 516 499 Conviv.
541 454 591 497 13
639 456 790 509 ingens
838 457 911 499 ille
949 455 1165 509 parasitus
1197 453 1438 495 Alcidamas
1477 456 1678 495 narratur

133 521 237 569 sella
267 526 492 579 repudiata
515 526 783 569 inambulans
807 538 1010 569 coenasse
1032 524 1290 577 Scytharum
1311 524 1435 565 modo
1458 522 1574 576 πρὸς
1594 523 1678 576 τὴν

133 595 485 650 ἀφθονωτέραν
523 597 668 650 νομὴν
698 596 1126 650 μετεξανιστάμενος
1156 595 1230 636 καὶ
1261 597 1358 646 τοῖς
1384 594 1678 648 περιφέρουσι

131 666 188 708 τὰ
219 665 315 720 ὄψα
348 670 731 721 συμπερινοστῶν.
783 668 863 719 Qui
896 680 988 709 cum
1010 680 1092 709 non
1118 665 1248 708 semel
1272 666 1410 708 locum
1431 665 1675 717 mutaverit,

131 738 206 780 sed
250 751 378 791 saepe
428 743 555 792 atque
602 740 837 781 identidem
885 751 934 781 eo
983 752 1028 781 se
1067 737 1309 789 contulerit,
1357 737 1431 778 ubi
1462 736 1677 778 uberrime

129 809 295 851 videret
327 810 475 862 epulas
509 814 753 863 apparatas,
795 810 1092 863 corrigendum
1125 809 1293 850 videtur
1327 805 1678 860 ἀφθονωτέραν

131 878 225 921 ἀεὶ.

249 951 337 1001 Quo
401 964 499 993 vero
562 952 777 995 breviores
841 956 940 994 sunt
991 951 1177 999 voculae,
1242 963 1291 992 eo
1355 950 1526 1003 saepius
1578 952 1679 991 sunt

128 1034 371 1075 oppressae.
419 1022 465 1063 In
491 1022 616 1065 Dial.
640 1021 767 1066 deor.
793 1023 910 1065 VIII
934 1023 1083 1065 vocula
1112 1022 1171 1063 οὐ
1200 1021 1368 1063 videtur
1395 1021 1679 1074 supplendum

129 1096 228 1134 ante
258 1093 357 1145 χρή.
409 1093 610 1146 Juppiter
642 1094 751 1135 enim
787 1098 914 1146 caput
945 1106 1066 1135 suum
1099 1091 1263 1135 diffindi
1285 1093 1404 1134 iubet
1426 1105 1451 1133 a
1473 1092 1677 1143 Vulcano,

127 1166 176 1204 ut
191 1163 289 1204 inde
308 1164 463 1205 evadat
478 1164 684 1206 Minerva.
709 1165 796 1206 Iam
817 1165 851 1206 81
862 1165 1040 1206 Vulcani
1058 1163 1313 1205 haesitantis
1330 1164 1511 1215 legimus
1528 1163 1677 1204 verba:

126 1231 277 1275 Ἄκων
298 1233 393 1286 μὲν,
418 1235 616 1276 κατοίσω
638 1233 698 1276 δέ·
724 1236 767 1276 τί
783 1234 864 1288 γὰρ
880 1235 976 1288 χρὴ
995 1237 1141 1276 ποιεῖν
1163 1236 1244 1275 σοῦ
1264 1233 1529 1285 κελεύοντος
1537 1248 1550 1285 ,·
1572 1233 1677 1276 haec

126 1304 408 1358 interrogatio
427 1318 534 1358 quae
553 1307 623 1359 sit,
641 1307 833 1359 intellegi
857 1319 938 1348 non
962 1309 1118 1359 potest,
1143 1306 1225 1346 nisi
1248 1305 1425 1358 legitur:
1449 1306 1492 1345 τί
1511 1304 1593 1357 γὰρ
1618 1304 1678 1346 οὐ

123 1375 328 1428 χρὴ....,
366 1377 428 1417 ita
446 1380 494 1418 ut
515 1377 621 1419 haec
654 1377 864 1419 efficiatur
897 1377 1128 1419 sententia:
1165 1376 1341 1418 ‘Invitus
1374 1389 1452 1428 ego
1486 1377 1677 1429 quidem;

127 1450 316 1489 attamen
364 1447 533 1499 feriam3
584 1461 681 1490 nam
720 1449 822 1503 quid
862 1461 944 1491 non
994 1451 1165 1501 oportet
1205 1447 1345 1489 facere
1378 1452 1421 1488 te
1453 1448 1675 1489 iubenteP'

245 1519 342 1560 Alia
372 1532 453 1561 vox
476 1520 628 1573 exigua
652 1521 859 1562 excidisse
881 1521 1050 1561 videtur
1073 1520 1116 1561 in
1139 1519 1257 1562 ΤοΧ.
1276 1516 1347 1564 41.
1396 1518 1478 1560 Ubi
1503 1518 1679 1560 Toxaris

126 1590 349 1643 praedicat.
380 1603 458 1642 par
491 1592 735 1643 amicorum,
769 1604 948 1644 quorum
977 1592 1098 1642 alter,
1132 1594 1180 1632 ut
1202 1590 1385 1632 alterum
1407 1589 1459 1631 ab
1482 1590 1678 1632 hostibus

126 1664 296 1714 captum
314 1661 511 1713 solveret,
532 1674 630 1703 suos
648 1662 741 1715 ipse
759 1663 839 1704 sibi
858 1662 1002 1704 oculos
1021 1661 1144 1703 effodi
1164 1673 1316 1714 passus
1340 1665 1416 1702 est.
1454 1661 1573 1710 Quod
1592 1674 1678 1701 om-

124 1731 249 1773 nibus
283 1730 450 1785 Scythis
483 1733 556 1784 ait,
592 1745 683 1773 cum
718 1732 769 1774 ab
803 1734 997 1774 hostibus
1032 1737 1176 1773 essent
1208 1733 1322 1784 victi,
1362 1735 1482 1774 tanto
1522 1732 1679 1773 solacio

115 1797 271 1854 1111886,
291 1803 437 1844 utiam
457 1816 502 1845 se
522 1804 703 1845 domitos
723 1817 801 1845 non
822 1807 1037 1856 putarent7
1059 1816 1150 1845 cum
1168 1803 1362 1845 viderent
1380 1815 1585 1844 summum
1597 1803 1680 1845 sibi

129 1874 285 1916 bonum
308 1887 389 1915 non
415 1875 466 1916 ab
500 1875 693 1917 hostibus
727 1887 819 1917 esse
852 1879 1060 1928 ereptum,
1085 1873 1182 1916 ἀλλ’
1207 1872 1286 1915 ὅτι
1306 1873 1363 1927 ἦν
1384 1877 1496 1927 παρ’
1520 1874 1628 1927 ἡμῖν
1650 1874 1679 1927 ἡ

129 1943 280 1998 ἀγαθὴ
304 1945 459 1998 γνώμη
482 1946 556 1987 καὶ
579 1946 606 1999 ἡ
630 1945 746 1999 πρὸς
767 1945 875 1997 τοὺς
903 1945 1064 2000 φίλους
1082 1947 1241 1998 πίστις.
1291 1946 1423 1987 Deest
1440 1946 1507 1986 hic
1528 1946 1679 1987 vocula

128 2014 206 2057 ἔτι
242 2019 341 2069 post
373 2015 475 2069 ὅτι,·
522 2029 617 2058 nam
659 2018 817 2059 eisdem
849 2017 1081 2059 virtutibus
1114 2017 1197 2058 iam
1232 2020 1331 2058 ante
1363 2017 1525 2058 cladem
1558 2017 1678 2058 illam

127 2088 195 2129 vel
227 2088 407 2129 maxime
442 2093 565 2130 erant
598 2088 784 2141 gloriati.

249 2159 343 2200 Non
375 2171 472 2201 raro
504 2160 695 2201 videmus
728 2161 1023 2213 pronominum
1047 2159 1202 2201 formas
1225 2160 1457 2201 scribarum
1482 2160 1679 2201 socordia

129 2242 371 2283 oppressas.
426 2231 571 2272 Veluti
608 2232 650 2272 in
674 2230 796 2273 Dial.
819 2232 1011 2273 meretr-
1038 2231 1101 2273 VI
1119 2231 1142 2274 1
1165 2231 1313 2271 matris
1336 2231 1465 2272 verba
1497 2235 1678 2272 mortem

128 2301 265 2354 patris
290 2314 380 2343 cum
414 2301 504 2343 filia
538 2303 836 2355 conquerentis
860 2303 1034 2355 eiusque
1059 2305 1194 2344 artem
1217 2301 1440 2344 ferrariam
1461 2303 1678 2344 laudantis

128 2371 190 2412 ita
227 2384 320 2414 esse
353 2373 590 2425 supplenda
624 2373 839 2415 existimo:
872 2371 985 2426 μετὰ
1019 2371 1067 2414 δὲ
1098 2372 1180 2425 τὴν
1203 2371 1415 2426 τελευτὴν
1436 2372 1602 2415 αὐτοῦ
1625 2373 1677 2416 τὸ

128 2444 313 2494 πρῶτον
345 2442 605 2497 ἀποὸομένη
639 2443 721 2496 τὰς
752 2445 986 2498 πυράγρας
1018 2456 1109 2497 sqq.
1165 2444 1218 2486 In
1241 2444 1385 2486 libello
1409 2445 1478 2497 qui
1513 2451 1578 2486 est
1609 2445 1679 2488 De

128 2514 262 2556 luctu
295 2515 321 2555 2
359 2515 569 2558 Lucianus
609 2528 761 2557 vanam
792 2516 1009 2558 hominum
1043 2516 1093 2556 de
1126 2514 1273 2557 inferis
1307 2516 1549 2568 opinionem
1582 2529 1680 2570 per-

127 2585 346 2639 stringens
391 2586 504 2628 Iovis
552 2586 730 2629 fratrem
779 2587 884 2629 dicit
914 2587 973 2628 ibi
1006 2599 1202 2640 regnare,
1251 2587 1474 2629 Plutonem
1522 2585 1594 2628 διὰ
1626 2586 1678 2629 τὸ

126 2655 343 2698 πλουτεῖν
391 2661 488 2709 τοῖς
533 2661 711 2711 νεκροῖς
754 2661 814 2712 τῇ
847 2658 1126 2711 προσηγορίᾳ
1157 2659 1464 2711 τετιμημένον.
1527 2658 1679 2701 Nonne

126 2727 353 2780 legendum
373 2733 439 2770 est
455 2729 626 2783 ταύτῃ
644 2732 698 2783 τῇ
718 2730 1025 2783 προσηγορίαῗ)
1047 2728 1116 2771 De
1133 2729 1267 2772 luctu
1278 2729 1328 2771 19
1346 2742 1452 2782 puer
1468 2735 1676 2784 mortuus,

129 2799 201 2852 qui
218 2798 395 2853 fingitur
412 2801 646 2844 vanitatem
665 2801 849 2843 irridens
867 2802 1006 2843 luctus
1026 2803 1069 2842 et
1085 2800 1438 2844 lamentationum
1456 2803 1612 2855 patris:
1637 2805 1681 2844 τί
