2039 3188
1016 165 1069 206 10

258 281 411 324 ceteris
450 280 643 322 omnibus
676 282 723 321 tu
755 280 847 332 ipse
881 281 940 323 sis
974 282 1116 324 ditior.
1162 282 1251 323 Iam
1287 294 1379 324 cum
1405 282 1557 323 civium
1579 281 1703 325 nobis
1726 282 1815 324 sint

256 352 345 393 fere
368 352 654 406 quadraginta
676 351 805 403 milia,
830 351 866 393 si
889 352 1063 404 insuper
1085 356 1132 394 tu
1156 353 1217 394 eis
1241 352 1589 395 adnumeraveris
1611 351 1814 395 mulieres

257 434 508 476 servosque:
544 422 746 475 εὑρήσεις
769 421 960 463 σεαυτὸν
990 421 1168 465 ὁώὸεκα
1189 422 1424 476 μυριάδων
1447 422 1712 475 ἀνθρώπων
1733 423 1816 466 οὐκ

258 495 539 548 ἀρκούμενον
561 493 676 534 εἶναι
697 492 1036 546 πλουσιώτερον
1064 492 1181 535 ἀλλὰ
1202 494 1277 536 καὶ
1292 494 1520 546 τούτους
1535 492 1817 548 βουλόμενον

257 563 609 619 ὑπερβαλέσθαι.
674 565 828 615 Quales
873 562 1124 618 pronomine
1172 565 1364 617 τούτους
1401 565 1691 619 designentur,
1733 579 1816 609 non

256 638 394 689 video,
423 648 515 678 cum
548 636 602 678 ad
631 635 738 678 alios
760 635 835 678 illa
856 649 936 678 vox
957 634 1110 678 referri
1132 640 1318 689 nequeat
1340 637 1421 678 nisi
1445 637 1498 678 ad
1521 635 1698 678 δώδεκα
1720 637 1818 680 illas

257 706 482 761 μυριάδας
505 706 782 760 ἀνθρώπων.
823 706 1000 760 Corrige
1032 707 1240 748 τούτων
1271 706 1514 759 πλείους,
1549 711 1596 750 ut
1616 708 1721 750 haec
1742 707 1820 751 fiat

258 779 490 821 sententia:
540 778 649 821 ‘Non
692 780 798 821 satis
845 779 1009 822 habens
1050 782 1217 821 centum
1257 779 1408 830 viginti
1450 779 1569 821 milia
1601 780 1817 822 hominum

259 862 486 902 superasse
519 849 693 901 divitiis,
728 849 803 892 sed
836 850 964 891 etiam
996 851 1142 903 plures
1175 862 1380 902 superare
1415 849 1616 903 cupiens’.

377 919 635 962 Coniciendo
673 921 709 962 si
743 921 844 974 quid
877 921 1114 973 addideris,
1160 922 1273 974 quod
1306 926 1547 975 temporum
1587 922 1816 975 iniquitate

259 992 445 1045 evanuit,
500 992 672 1034 sanabis
728 990 895 1041 Galerii
948 1006 997 1034 π.
1049 1001 1102 1047 ψ.
1149 990 1314 1047 ἁμαρτ.
1353 992 1433 1035 ΙΙΙ
1457 992 1526 1047 71,
1586 993 1661 1034 ubi
1713 992 1820 1035 haec

258 1064 534 1105 inveniuntur
572 1064 614 1105 in
654 1063 777 1105 libris
809 1064 993 1105 tradita:
1028 1062 1195 1115 Ὥσπερ
1230 1062 1311 1105 οὗν
1346 1064 1387 1105 οἱ
1419 1061 1606 1105 Κυνικοὶ
1637 1063 1818 1116 πάντες,

261 1133 341 1187 οὓς
373 1149 420 1188 γε
453 1133 507 1188 δὴ
541 1133 763 1188 τεθέαμαι
796 1133 912 1177 κατὰ
943 1133 1023 1176 τὸν
1057 1134 1256 1187 ἐμαυτοῦ
1288 1133 1402 1188 βίον,
1453 1133 1575 1176 οὕτω
1608 1135 1682 1176 καὶ
1713 1136 1821 1176 τῶν

262 1205 594 1260 φιλοσοφεῖν
627 1207 707 1258 (sic
738 1207 964 1258 legendum
989 1210 1131 1248 statuo
1157 1219 1248 1248 cum
1271 1206 1567 1260 Marquardtio
1591 1219 1668 1258 pro
1694 1204 1820 1259 φιλο-

263 1278 424 1332 σόφων
457 1278 587 1328 εἶναι)
623 1276 1023 1331 ἐπαγγελλομένων
1071 1276 1179 1319 ἔνιοι
1219 1277 1397 1331 φεύγειν
1431 1276 1704 1331 ὁμολογοῦσι
1737 1275 1820 1329 τὴν

263 1348 312 1390 έν
333 1353 387 1403 τῇ
411 1348 564 1402 λογικῇ
588 1348 764 1403 θεωρίᾳ
785 1350 1047 1402 γυμνασίαν.
1098 1349 1235 1399 Quid?
1267 1348 1314 1390 In
1346 1350 1421 1400 eis,
1455 1350 1525 1402 qui
1551 1347 1823 1402 φιλοσοφεῖν

264 1419 626 1473 ἐπαγγέλλονται,
678 1433 817 1462 nonne
867 1420 1012 1474 Cynici
1061 1433 1228 1474 quoque
1260 1425 1360 1462 sunt
1391 1420 1695 1462 numerandi?·
1732 1419 1824 1473 Age

264 1492 467 1545 suppleas
499 1491 555 1542 id,
591 1491 700 1544 quod
736 1492 878 1533 nescio
913 1504 995 1544 quo
1028 1495 1154 1544 pacto
1189 1492 1364 1533 excidit:
1409 1492 1483 1532 καὶ
1514 1493 1608 1533 τῶν
1641 1489 1824 1532 ἄλλων

268 1561 610 1616 φιλοσοφεῖν-
631 1577 708 1615 —,·
741 1563 857 1604 clara
889 1566 933 1603 et
965 1563 1152 1604 dilucida
1183 1562 1287 1604 fluet
1320 1563 1472 1605 orat-io.

384 1633 432 1675 In
472 1633 636 1677 Galeni
668 1634 914 1688 Protrept.
945 1633 1070 1676 XIII
1094 1634 1150 1676 34
1189 1635 1240 1676 de
1273 1634 1433 1676 Milone
1466 1634 1539 1675 illo
1574 1632 1826 1675 Crotaniata

265 1706 421 1758 agitur.
472 1705 641 1747 homine
690 1717 868 1757 corpore
916 1706 1057 1747 valido
1098 1706 1174 1747 sed
1206 1706 1461 1758 prudentiae
1501 1705 1678 1758 experti.
1745 1705 1824 1755 Qui

267 1777 366 1818 olim
415 1777 608 1818 iuvenem
659 1777 931 1829 conspicatus
971 1780 1168 1819 truncum
1203 1778 1347 1819 cuneis
1380 1777 1582 1818 immissis
1613 1776 1655 1818 in
1688 1776 1827 1828 longi-

265 1849 458 1890 tudinem
506 1842 800 1890 diffindentem
849 1849 1010 1890 amovit
1057 1849 1201 1890 ridens
1250 1853 1292 1891 et
1339 1849 1440 1891 solis
1488 1849 1581 1902 ipse
1630 1848 1861 1889 manibus'

266 1924 461 1961 truncum
486 1919 689 1960 divellere
713 1923 780 1961 est
804 1923 994 1961 conatus.
1028 1920 1083 1961 Et
1101 1920 1281 1974 contigit
1300 1921 1338 1962 ei
1356 1921 1539 1974 quidem,
1564 1924 1611 1961 ut
1629 1918 1825 1962 omnibus

265 1991 428 2032 viribus
461 1992 629 2032 innixus
662 1991 878 2044 utrimque
911 1994 1057 2043 partes
1081 1992 1184 2043 ligni
1210 1992 1456 2033 dimoveret.
1507 1995 1563 2032 At
1587 2003 1679 2032 cum
1703 1991 1825 2033 cunei

266 2062 538 2115 excidissent,
573 2062 781 2115 reliquam
814 2063 920 2115 ligni
945 2067 1112 2115 partem
1147 2063 1347 2105 dirimere
1379 2075 1461 2104 non
1490 2062 1643 2114 potuit,
1678 2074 1825 2115 quam-

266 2134 330 2175 vis
389 2134 667 2185 obniteretur,
720 2132 910 2186 ὕστερον
966 2132 1015 2174 δὲ
1060 2132 1264 2187 νικηθεὶς
1312 2133 1394 2175 οὐκ
1447 2132 1639 2187 ἔφθασε
1689 2133 1824 2185 κομί-

268 2203 425 2257 ζεσθαι
470 2204 552 2256 τὰς
596 2208 763 2258 χεῖρας,
814 2204 911 2246 ἀλλ’
958 2204 1048 2246 ὑπὸ
1096 2207 1189 2246 τῶν
1233 2208 1386 2257 μερῶν
1435 2206 1515 2246 τοῦ
1554 2203 1689 2257 ξύλου
1724 2218 1824 2246 συν-

268 2274 505 2318 ελθόντων
538 2275 754 2330 ἀλλήλοις
785 2275 1194 2330 καταλειφθεῖσαι
1217 2274 1542 2329 συνετρίβησαν
1573 2275 1656 2328 μὲν
1690 2273 1822 2316 αὗται

269 2380 422 2391 ......
457 2348 607 2389 Nonne
640 2349 708 2390 hic
741 2349 967 2402 legendum
1001 2349 1057 2389 sit
1091 2347 1173 2389 οὐκ
1205 2346 1431 2401 ἔφθασεν
1465 2345 1824 2400 ε’κκομίζεσθαιὶ)

266 2420 374 2461 Nam
409 2433 459 2462 ex
490 2421 630 2461 trunci
663 2421 771 2460 rima
804 2432 898 2461 eum
930 2419 1155 2461 extrahere
1185 2431 1360 2460 necesse
1388 2418 1470 2459 suit
1492 2430 1656 2459 manus.
1706 2417 1824 2468 Quae

269 2503 361 2532 cum
394 2505 419 2533 a
451 2491 590 2533 trunci
624 2492 821 2544 partibus
854 2491 897 2532 in
931 2503 1060 2531 unum
1089 2490 1244 2532 iterum
1269 2489 1519 2531 coeuntibus
1542 2501 1622 2531 non
1648 2489 1825 2531 relictae

269 2564 342 2604 sed
399 2563 692 2616 deprehensae
742 2565 1078 2612 contererentur,
1135 2574 1264 2614 porro
1314 2561 1608 2611 corrigendum
1655 2560 1826 2602 videtur

268 2645 383 2674 κατα
393 2633 419 2674 λ
428 2648 455 2687 η
468 2648 500 2688 φ
509 2633 674 2676 θεῖσαι.

387 2705 435 2746 In
468 2705 721 2747 Plutarchi
755 2704 886 2748 Caes.
910 2705 990 2747 20:
1027 2702 1082 2744 Εἰ
1114 2702 1163 2745 δὲ
1193 2703 1254 2756 μὴ
1290 2701 1468 2754 Καῖσαρ
1503 2701 1712 2754 ἁρπάσας
1734 2699 1826 2741 τὸν

269 2774 440 2828 θυρεόν
475 2811 481 2817 .
504 2809 512 2818 .
533 2810 542 2818 .
563 2810 571 2818 .
608 2777 700 2819 coll.
738 2776 857 2818 Caes.
880 2776 987 2817 Bell.
1012 2775 1111 2829 gall.
1136 2775 1177 2816 11
1201 2775 1278 2818 25:
1329 2778 1464 2826 ,scuto
1494 2764 1550 2816 'ab
1584 2772 1826 2814 novissimis
