2039 3188
1050 185 1105 225 20

299 300 461 356 ψυχῆς
491 298 655 354 ἁμαρτ.
689 300 754 343 vl
786 302 860 342 96:
908 301 1028 355 Sunt,
1078 301 1229 354 inquit,
1278 302 1350 354 qui
1400 302 1568 355 quidem
1618 303 1691 344 uni
1723 304 1858 346 amico

296 371 456 423 ubique
477 369 603 412 fidem
626 370 827 423 habeant,
851 375 1015 414 temere
1037 375 1180 413 autem
1205 372 1334 413 etiam
1354 371 1518 414 duobus
1537 376 1612 414 aut
1629 373 1767 415 tribus
1784 378 1860 416 aut

301 444 498 494 quatuor,
524 452 616 482 cum
634 453 717 482 non
737 444 953 494 reputent,
977 441 1172 493 πότερον
1190 439 1414 494 ἐνδέχεται
1431 442 1607 494 πάντας
1626 442 1792 495 αὐτοὺς
1811 443 1860 485 ἐκ

297 513 404 563 μιᾶς
445 511 590 562 αἰτίας
629 513 783 563 κοινῆς
817 509 1062 563 ἀληθεύειν
1093 509 1120 563 ἢ
1153 509 1411 563 ψεύδεσθαι
1442 512 1618 564 πάντας
1650 512 1704 553 ἐκ
1735 515 1860 565 μιᾶς

300 583 482 632 αἰτίας
528 583 725 634 κοινῆς.
789 582 992 624 Extrema
1029 581 1161 624 verba
1194 581 1433 634 explicandi
1469 595 1596 624 causa
1628 583 1681 624 ab
1715 583 1858 636 aliquo

297 653 340 694 in
373 652 567 705 margine
598 652 785 704 repetita
817 655 969 705 postea
1001 652 1044 693 in
1079 651 1358 704 genuinorum
1392 653 1546 694 seriem
1578 653 1857 706 irrepserunt.

416 722 701 775 Proponimus
733 734 857 774 nunc,
902 726 951 764 ut
983 722 1037 764 ad
1069 720 1197 763 finem
1230 721 1492 774 perducatur
1525 723 1631 764 haec
1665 724 1859 776 disputa-

297 793 428 835 tionis
484 805 608 846 pars,
658 795 747 835 tres
801 793 918 834 locos
973 805 1023 835 ex
1076 792 1237 834 litteris
1296 792 1443 834 latinis
1491 797 1704 845 sumptos,
1755 806 1859 847 quos

299 864 449 905 eodem
496 863 621 905 modo
670 863 917 916 inquinatos
951 863 1258 905 existimamus.
1323 861 1411 905 Cic.
1437 862 1492 905 de
1522 862 1644 905 offic.
1668 863 1694 905 I
1718 875 1785 918 cp.
1809 864 1860 906 15

297 933 458 975 multus
503 937 568 975 est
600 933 652 976 de
684 933 904 976 beneficiis
937 934 1168 976 reddendis
1202 937 1245 975 et
1277 934 1329 974 de
1363 934 1521 975 dilectu
1555 933 1859 977 beneficiorum

299 1007 573 1057 acceptorum
595 1004 792 1046 habendo
815 1005 1047 1046 secundum
1065 1004 1265 1055 animum,
1291 1003 1491 1055 studium,
1517 1003 1860 1047 benevolentiam

301 1075 405 1126 eius,
456 1075 527 1127 qui
575 1074 685 1117 bene
732 1074 895 1117 fecerit.
962 1075 1102 1116 ‘Multi
1152 1074 1277 1127 enim,
1328 1074 1480 1126 inquit,
1531 1073 1694 1117 faciunt
1724 1075 1861 1118 multa

298 1145 544 1187 temeritate
593 1145 775 1198 quadam
823 1145 939 1187 sine
987 1145 1209 1196 iudicio,
1259 1144 1325 1186 vel
1358 1145 1505 1186 morbo
1539 1145 1581 1186 in
1616 1157 1761 1188 omnes
1793 1147 1887 1189 vel·

299 1216 526 1268 repentino
560 1216 743 1268 quodam
776 1216 898 1268 quasi
930 1219 1058 1258 vento
1092 1216 1286 1267 impetu
1320 1215 1481 1257 animi
1514 1215 1709 1258 incitati’.
1765 1216 1859 1258 Non

301 1285 450 1328 dubito
496 1286 747 1328 subditicias
795 1286 987 1328 iudicare
1034 1286 1230 1328 notiones
1265 1285 1370 1327 ‘sine
1403 1286 1571 1328 iudicio'
1607 1290 1652 1328 et
1685 1287 1861 1340 ‘impetu

300 1356 458 1398 animi’.
507 1357 693 1407 Quarum
727 1356 864 1399 altera
897 1357 1167 1409 explicantur
1199 1355 1330 1398 verba
1365 1356 1624 1398 ‘temeritate
1647 1358 1859 1410 quadani’,

301 1427 439 1468 altera
485 1428 616 1469 verba
664 1427 901 1479 ‘repentino
942 1427 1124 1480 quodam
1158 1427 1279 1479 quasi
1311 1426 1466 1468 vento'.
1531 1426 1578 1467 In
1613 1426 1721 1470 Tac.
1745 1427 1859 1470 Ann.

299 1496 337 1538 V
360 1497 414 1538 10
447 1509 472 1539 a
503 1510 570 1539 me
603 1498 837 1550 impetrare
870 1510 953 1539 non
986 1509 1174 1549 possum,
1213 1500 1262 1537 ut
1294 1497 1346 1538 ab
1380 1497 1473 1549 ipso
1507 1500 1681 1539 auctore
1715 1498 1861 1541 addita

301 1578 394 1609 esse
429 1568 597 1609 credam
638 1569 690 1609 ad
724 1581 876 1610 nomen
911 1567 1154 1609 ‘Euboeam’
1191 1567 1451 1619 explicantia
1483 1567 1614 1608 verba
1647 1568 1861 1622 ‘Aegaei

298 1639 456 1680 maris
503 1638 745 1680 insulam’
797 1641 841 1680 et
887 1639 941 1680 ad
988 1650 1141 1679 nomen
1191 1637 1414 1679 ‘Piraeum'
1464 1637 1595 1679 verba
1630 1638 1861 1681 ‘Atticae

301 1708 459 1750 orae’.
494 1709 715 1751 Ridiculae
738 1721 839 1751 vero
863 1708 944 1750 hae
969 1708 1276 1761 explicationes
1299 1711 1448 1760 utpote
1466 1708 1509 1749 in
1527 1708 1637 1749 libro
1657 1708 1860 1752 Romanis

301 1778 544 1821 hominibus
593 1779 791 1833 legendo,
841 1780 994 1832 quibus
1028 1779 1198 1831 quidem
1232 1779 1339 1820 satis
1373 1782 1467 1819 erat
1499 1782 1658 1831 notum,
1703 1782 1746 1821 et
1778 1792 1860 1832 quo

300 1849 343 1890 in
376 1850 484 1891 mari
516 1849 690 1892 Euboea
731 1850 816 1892 sita
855 1853 968 1892 esset
999 1849 1140 1891 insula
1174 1854 1216 1891 et
1249 1850 1368 1891 cuius
1402 1861 1502 1890 orae
1536 1854 1650 1892 esset
1682 1850 1859 1892 Piraeus

301 1923 465 1971 portus.
516 1921 577 1962 Ac
599 1932 652 1962 ne
675 1921 717 1962 in
741 1920 851 1963 Tac.
875 1919 991 1964 Ann.
1013 1920 1078 1962 lv
1099 1922 1148 1960 11
1181 1920 1352 1972 quidem
1374 1920 1457 1971 ipsi
1481 1920 1627 1962 Tacito
1650 1920 1859 1962 vindicem

302 1990 444 2031 omnia
481 1990 623 2041 verba,
673 2002 783 2043 quae
827 1990 871 2031 in
903 1990 1026 2031 libris
1064 1989 1306 2031 traduntur.
1370 1989 1477 2031 Nam
1512 1991 1625 2042 quod
1657 1991 1858 2043 legimus:

302 2059 429 2101 ‘Ordo
453 2060 613 2113 alioqui
637 2061 811 2103 sceleris
833 2073 911 2113 per
932 2060 1158 2112 Apicatam
1181 2059 1208 2101 S
1223 2060 1361 2102 eiani
1390 2060 1599 2112 proditus,
1633 2062 1859 2103 tormentis

441 2130 681 2183 patefactus
729 2131 822 2182 est',
870 2131 1053 2183 primum
1087 2131 1257 2183 quidem
1295 2144 1378 2172 non
1411 2131 1522 2173 bene
1555 2131 1709 2173 dicitur
1744 2132 1860 2184 ‘Api-

301 2205 437 2242 catam
462 2201 616 2243 Seiani’
652 2215 729 2254 pro
764 2202 857 2254 ιΑΙ).
882 2201 1028 2243 Seiani
1049 2201 1252 2244 uxorem’.
1307 2202 1496 2254 Accedit,
1521 2202 1633 2255 quod
1655 2203 1722 2244 vix
1745 2203 1859 2256 quis-

300 2283 425 2323 quam
474 2272 551 2314 hoc
602 2272 695 2314 loco
748 2272 887 2325 possit
935 2272 1145 2324 dubitare,
1196 2272 1314 2314 cuius
1363 2285 1468 2314 uxor
1501 2271 1632 2314 fuerit
1663 2274 1856 2325 Apicata,

301 2354 394 2384 cum
425 2343 469 2384 in
503 2342 586 2384 fine
621 2355 684 2396 cp.
711 2344 735 2384 3
770 2346 993 2385 narratum
1027 2346 1167 2384 exstet
1199 2343 1425 2395 Apicatam
1456 2354 1631 2384 uxorem
1656 2355 1680 2384 a
1704 2343 1857 2386 Seiano

299 2414 422 2455 domo
464 2425 558 2456 esse
599 2414 779 2467 pulsam.
845 2414 997 2466 Itaque
1031 2413 1180 2455 dubito
1215 2425 1268 2454 an
1302 2412 1371 2455 hic
1405 2414 1647 2466 genetivum
1687 2413 1855 2456 ‘Seiani’

298 2484 341 2525 in
376 2484 680 2537 glossematum
713 2496 889 2526 numero
922 2496 1091 2537 ponam.

1039 2611 1114 2653 ΙΙΙ.

419 2695 626 2745 Quoniam
660 2696 711 2737 de
745 2696 805 2737 eis
838 2695 944 2737 locis
978 2694 1175 2746 disserui,
1222 2694 1374 2747 quibus
1408 2698 1482 2736 aut
1515 2694 1677 2746 aliquid
1710 2705 1855 2735 errore

300 2766 501 2808 omissum
535 2770 609 2808 aut
643 2766 778 2819 spurii
811 2766 974 2819 aliquid
1007 2766 1199 2807 additum
1231 2765 1440 2817 videatur,
1474 2776 1584 2806 nunc
1616 2776 1855 2817 proponere
