2039 3188
1050 152 1074 190 4

1051 315 1081 356 1.

404 408 593 448 Primum
626 408 797 460 quidem
831 408 1037 450 eiusmodi
1071 409 1185 451 locos
1218 422 1468 463 proponam,
1519 412 1672 464 quibus
1709 412 1840 455 inter-

286 479 438 521 cidisse
472 479 671 520 videntur
712 482 786 520 aut
819 479 1012 531 singulae
1044 480 1216 522 litterae
1250 485 1324 523 aut
1355 485 1473 524 totae
1506 495 1643 534 voces,
1677 484 1765 525 sive
1799 485 1843 526 id

287 550 482 591 socordia
521 548 679 591 factum
714 554 780 591 est
813 550 1104 603 scribentium,
1155 563 1333 604 quorum
1367 552 1475 594 oculi
1515 554 1566 595 ob
1599 554 1842 596 litterarum

289 621 612 662 similitudinem
645 620 698 662 ab
732 621 869 662 altera
897 634 999 663 voce
1029 622 1082 663 ad
1106 622 1285 663 alteram
1311 623 1574 675 aberrarent,
1609 626 1698 668 sive
1721 626 1842 669 scioli

287 691 453 733 librarii
486 691 619 733 stulto
654 693 896 744 corrigendi
930 693 1070 734 studio
1105 697 1270 735 mutata
1304 698 1414 745 sunt,
1464 708 1573 748 quae
1605 697 1640 738 si
1672 697 1844 750 integra

288 763 550 816 tradidisset,
591 764 796 805 maiorem
824 776 901 806 nos
935 764 998 805 illi
1033 765 1215 816 gratiam
1249 765 1512 808 deberemus.

405 834 599 876 Luciani
632 834 794 877 Abdic.
826 835 870 879 6.
934 835 1169 877 Abdicatus
1209 836 1363 889 aliquis
1395 837 1547 879 medici
1580 841 1715 879 artem
1748 851 1844 891 pro-

289 905 427 947 fessus
461 917 553 947 cum
587 909 753 958 patrem
787 907 976 948 amentia
1010 911 1180 959 captum
1204 908 1357 950 ceteris
1381 908 1556 950 medicis
1579 910 1846 962 desperanti-

286 977 365 1018 bus
389 977 442 1018 ad
464 989 611 1018 sanam
633 977 875 1019 reduxisset
909 981 1110 1029 mentem,
1142 979 1184 1019 in
1208 990 1325 1020 suam
1351 983 1520 1031 gentem
1543 984 1741 1032 receptus
1767 985 1845 1022 est.

290 1048 369 1097 Qui
392 1049 503 1101 quod
528 1048 654 1101 paulo
680 1052 779 1100 post
801 1037 1009 1090 novercae
1036 1049 1164 1090 simili
1182 1049 1330 1092 morbo
1348 1054 1527 1093 vexatae
1545 1051 1700 1093 bonam
1717 1052 1847 1093 animi

288 1119 575 1161 valetudinem
615 1119 846 1161 restituere
884 1132 967 1161 non
1005 1124 1189 1173 poterat,
1230 1121 1274 1162 in
1314 1133 1363 1163 eo
1409 1125 1515 1173 erat,
1555 1126 1603 1164 ut
1631 1122 1768 1164 denuo
1799 1136 1849 1165 ex

291 1190 514 1243 gentilium
548 1190 756 1232 societate
788 1195 1094 1233 removeretur.
1159 1191 1293 1242 Quam
1333 1193 1385 1234 ob
1419 1205 1508 1234 rem
1541 1194 1655 1246 apud
1687 1194 1848 1236 iudices

289 1274 384 1303 sese
408 1261 663 1304 defendens:
697 1261 903 1308 Noverca,
937 1263 1089 1316 inquit,
1123 1264 1231 1304 mira
1253 1264 1437 1317 quadam
1459 1265 1634 1306 vesania
1655 1268 1847 1308 vexatur.

292 1331 420 1385 Πρὸς
457 1332 541 1385 μὲν
580 1332 661 1386 γὰρ
701 1332 809 1386 τοὺς
849 1332 1018 1386 ἄλλους
1050 1334 1316 1388 ἡμερωτέρα
1349 1336 1422 1377 καὶ
1453 1335 1620 1388 πραεῖά
1655 1336 1748 1378 ε’στι
1778 1337 1853 1378 καὶ

294 1404 539 1456 παρόντων
580 1405 760 1458 εἰρήνην
795 1403 887 1457 ἄγει
919 1405 946 1459 ἡ
979 1405 1127 1458 νόσος,
1179 1403 1233 1447 ἂν
1266 1405 1315 1448 ὁὲ
1347 1418 1447 1448 τινα
1481 1406 1636 1460 ἰατρὸν
1671 1406 1744 1462 ἴδῃ
1779 1408 1854 1450 καὶ

289 1477 436 1516 τοῦτ’
480 1474 683 1529 ἀκούσῃ
723 1476 913 1529 μόνον,
961 1478 1057 1518 κατ’
1093 1476 1264 1519 ἐκείνου
1303 1477 1499 1530 μάλιστα
1537 1477 1850 1531 παροξύνεται.

290 1545 384 1587 Non
414 1546 559 1598 habes,
595 1560 676 1600 quo
702 1548 895 1590 neutrius
919 1549 1088 1601 generis
1111 1549 1241 1591 verba
1264 1548 1426 1591 referas
1449 1551 1584 1591 τοῦτο
1696 1549 1855 1603 μόνον,

293 1616 516 1660 Sententia
556 1623 710 1671 autem,
754 1631 881 1672 quam
915 1620 1004 1661 suis
1040 1620 1277 1672 exprimere
1310 1621 1451 1663 verbis
1489 1621 1655 1662 studuit
1691 1626 1852 1673 auctor,

295 1689 494 1731 nimirum
525 1689 630 1731 haec
663 1694 747 1732 est:
796 1690 861 1731 sin
894 1694 969 1732 aut
1000 1691 1118 1732 videt
1149 1691 1359 1734 medicum
1391 1692 1578 1744 aliquem
1610 1695 1685 1733 aut
1714 1692 1855 1745 ipsum

292 1760 441 1802 medici
476 1773 629 1803 nomen
663 1762 796 1813 audit,
833 1765 982 1804 contra
1014 1763 1166 1815 incipit
1198 1762 1350 1805 furere.
1416 1763 1520 1805 Post
1551 1765 1686 1804 τοῦτο
1720 1764 1854 1816 igitur

297 1832 538 1873 addendum
568 1836 633 1874 est
666 1832 723 1874 τὸ
743 1831 934 1885 ὄνομα,
958 1834 1082 1887 quod,
1102 1835 1302 1887 quoniam
1319 1835 1562 1876 litterarum
1580 1833 1717 1876 forma
1734 1834 1849 1877 haud

295 1904 357 1944 ita
408 1904 587 1945 multum
641 1903 783 1946 differt
832 1917 857 1946 a
903 1905 1066 1958 vocula,
1096 1905 1252 1957 μόνον,
1302 1906 1353 1947 ob
1395 1906 1437 1947 id
1481 1907 1619 1958 ipsum
1653 1918 1678 1948 a
1711 1906 1855 1948 scriba

295 1974 437 2027 aliquo
471 1975 639 2016 videtur
672 1975 888 2018 omissum.

412 2045 573 2089 Abdic.
587 2046 660 2088 26.
680 2047 817 2088 locum
834 2047 896 2089 ita
913 2059 1066 2089 censeo
1086 2059 1178 2089 esse
1194 2047 1498 2100 supplendum:
1517 2045 1701 2099 μάθοιτ’
1720 2045 1776 2088 ἂν
1791 2046 1855 2098 ὡς

298 2115 401 2158 οὔτε
432 2117 582 2159 πάντα
613 2118 722 2171 ἡμῖν
755 2120 829 2172 (sc.
851 2118 1046 2171 medicis)
1071 2117 1242 2160 δυνατά
1267 2118 1386 2160 ἐστιν
1410 2117 1513 2160 οὔθ’
1539 2119 1584 2159 αἱ
1606 2120 1699 2160 τῶν
1720 2131 1852 2171 νοση-

295 2187 481 2240 μάτων
522 2187 783 2230 ἁπάντων
825 2189 981 2242 φύσεις
1019 2188 1346 2243 παραπλήσιοιε
1380 2190 1682 2231 intellexeritis
1716 2201 1854 2242 neque

298 2259 440 2299 omnia
471 2271 547 2300 nos
576 2272 701 2311 posse
727 2272 861 2313 neque
885 2261 1072 2302 omnium
1096 2261 1338 2302 morborum
1362 2266 1538 2303 naturas
1561 2273 1656 2304 esse
1679 2261 1852 2303 similes,

297 2331 430 2372 Deest
462 2331 504 2371 in
538 2331 660 2373 libris
693 2331 997 2384 manuscriptis
1030 2344 1111 2373 vox
1144 2331 1361 2373 ἁπάντων
1395 2332 1564 2374 easdem
1589 2332 1788 2374 desinens
1811 2332 1855 2372 in

298 2402 482 2455 litteras,
530 2402 573 2442 in
622 2415 727 2455 quas
776 2403 936 2444 desinit
978 2403 1236 2445 antecedens
1275 2416 1354 2444 vox
1386 2402 1671 2456 νοσημάτων.
1722 2403 1856 2454 Quam

297 2484 443 2514 vocem
465 2473 547 2514 nisi
570 2473 825 2525 restitueris,
857 2474 1115 2516 claudicabit
1139 2475 1371 2522 sententia3
1395 2486 1492 2515 nam
1514 2475 1638 2516 multi
1661 2474 1853 2528 profecto

299 2545 437 2587 morbi
458 2545 572 2586 inter
605 2557 650 2586 se
684 2545 843 2587 similes
867 2545 934 2588 vel
958 2546 1145 2588 eiusdem
1171 2550 1270 2587 sunt
1291 2549 1485 2597 naturae,
1521 2550 1566 2587 at
1586 2559 1668 2587 non
1693 2557 1851 2588 omnes.

417 2616 463 2657 In
481 2615 645 2660 Abdie.
669 2617 744 2661 30.
778 2617 1019 2659 dementiae
1041 2621 1308 2669 exponuntur
1326 2629 1493 2669 causae,
1514 2630 1622 2670 quae
1640 2617 1726 2659 sint
1742 2617 1853 2658 aliae

299 2688 340 2727 in
374 2689 562 2731 maribus
596 2688 705 2730 aliae
737 2689 778 2730 in
812 2688 1000 2730 feminis:
1034 2690 1108 2730 καὶ
1139 2691 1231 2731 τῶν
1265 2688 1446 2742 ἀνδρῶν
1479 2688 1631 2730 αὐτῶν
1653 2691 1749 2739 τοῖς
1769 2687 1853 2741 μὲν

300 2758 418 2810 νέοις
466 2757 611 2811 ἄλλαι,
660 2764 756 2812 τοῖς
803 2759 853 2802 ὁὲ
900 2760 1163 2814 γεγηρακόσι
1211 2758 1435 2814 διάφοροι,
1486 2759 1584 2802 οἷον
1620 2759 1739 2812 νέοις
1769 2757 1853 2812 μὲν
