2039 3188
992 181 1015 220 5

230 297 455 351 πλῆθος
503 297 566 349 ὡς
598 296 649 339 τὸ
680 295 813 348 πολὺ,
845 298 1059 350 γέροντας
1092 295 1141 339 ὁὲ
1173 310 1262 350 sqq.
1334 297 1416 340 Ubi
1450 299 1566 340 notio
1600 298 1782 352 πλῆθος

232 370 334 423 quid
381 371 450 421 sit,
485 369 664 410 haerent
696 368 969 420 interpretes.
1032 368 1281 421 Suspicarer
1315 369 1511 422 equidem
1542 369 1779 412 Lucianum

231 441 453 493 scripsisse
487 437 741 491 ἀπληστίαν
778 463 826 467 -
864 439 975 491 quod
1010 451 1104 481 esse
1135 440 1433 492 gravissimum
1466 441 1594 481 animi
1625 441 1782 482 malum

231 510 418 553 affirmat
441 509 628 552 Galenus
651 510 770 564 (περὶ
792 512 943 563 ψυχῆς
965 508 1134 551 παθῶν
1156 510 1234 563 ΙΧ)
1258 535 1326 563 ——‚
1350 511 1432 553 nisi
1455 512 1498 553 id
1519 512 1645 554 nimis
1667 524 1783 554 rece-

232 582 352 623 deret
369 593 394 622 a
411 581 583 622 traditis
601 580 772 623 litteris.
821 580 1060 634 Madvigius
1084 581 1277 635 (Advers.
1298 583 1390 624 crit.
1410 582 1430 623 I
1449 583 1551 637 690)
1570 583 1683 635 quod
1700 584 1784 636 legi

231 653 322 695 vult
353 650 509 705 γῆθος,
549 651 754 693 minorem
786 651 830 692 id
857 651 988 693 habet
1009 651 1092 693 vim
1116 664 1240 704 quam
1264 664 1372 704 quae
1394 653 1448 694 ad
1470 652 1580 695 hunc
1603 654 1785 706 quadret

231 724 382 765 locum.
429 722 612 775 Propius
640 722 762 764 abest
785 734 810 763 a
827 734 925 763 vero
944 721 1283 773 Herwerdenius‚
1305 735 1397 764 cum
1417 724 1592 775 corrigit
1608 722 1784 776 πάθος,-

234 799 280 835 at
326 794 498 836 iuvenes
530 793 684 834 mentis
717 791 828 834 fiunt
860 796 1056 845 expertes
1089 806 1171 835 non
1213 805 1297 835 uno
1331 794 1461 835 animi
1494 793 1659 847 affectu,
1710 796 1785 837 sed

235 863 462 907 affectuum
494 863 780 905 multitudine.
828 863 990 905 Eadem
1013 876 1140 905 causa
1163 864 1438 916 prohibemur
1462 865 1646 917 probare
1668 866 1713 907 P.
1732 867 1783 909 R.

234 935 404 977 Mulleri
425 935 710 976 coniecturam
729 933 881 986 πόθος
903 934 1039 988 (Neue
1057 934 1205 976 Jahrb.
1224 936 1291 976 fiir
1309 935 1462 977 Philol.
1483 949 1520 977 u.
1541 936 1783 990 Paedagog.

235 1007 346 1048 1897
377 1006 417 1048 S.
445 1006 563 1059 403).
610 1005 810 1047 Forsitan
842 1005 922 1048 hoc
954 1019 1121 1059 quoque
1153 1006 1246 1048 loco
1271 1019 1523 1059 oppressum
1546 1008 1602 1048 sit
1623 1008 1784 1060 aliquid

232 1076 509 1119 scribentium
543 1077 738 1118 socordia
768 1089 816 1119 ac
839 1078 1044 1129 scriptum
1066 1076 1195 1119 fuerit
1217 1077 1317 1119 olim
1339 1076 1536 1120 παθῶν
1558 1077 1782 1131 πλῆθος.

233 1148 419 1198 Quorum
450 1148 667 1189 nominum
701 1159 792 1189 cum
831 1151 1058 1200 utrumque
1096 1148 1252 1190 habeat
1304 1147 1394 1190 fere
1432 1149 1543 1190 idem
1583 1150 1784 1191 ductuum

232 1219 414 1271 initium,
439 1217 562 1261 facile
585 1217 679 1260 fieri
701 1219 856 1271 potuit,
880 1222 928 1260 ut
951 1219 1115 1261 scribae
1150 1219 1260 1261 oculi
1293 1219 1345 1261 ab
1378 1220 1515 1262 altero
1548 1221 1785 1262 transirent

232 1290 286 1332 ad
314 1290 509 1332 alterum.

350 1360 398 1401 In
421 1360 503 1403 Bis
526 1372 622 1403 acc.
645 1359 688 1401 4.
724 1360 862 1402 simile
881 1361 1119 1413 scripturae
1138 1362 1337 1403 mendum
1356 1362 1437 1403 erit
1456 1363 1781 1415 agnoscendum,

231 1432 319 1474 Iovi
354 1444 447 1473 cum
480 1434 655 1485 questus
688 1431 758 1483 sit,
794 1432 906 1484 quod
938 1432 1129 1474 homines
1163 1445 1290 1485 aegre
1323 1432 1465 1475 ferant
1493 1437 1557 1476 tot
1578 1438 1786 1487 tantaque

232 1503 389 1544 iudicia
422 1502 474 1543 ab
507 1502 600 1554 ipso
629 1502 826 1554 neglecta
849 1502 1003 1556 iacere,
1036 1503 1274 1546 Mercurius
1298 1516 1342 1545 se
1365 1517 1533 1557 quoque
1555 1507 1787 1558 respondet

233 1585 363 1625 saepe
402 1573 615 1614 audivisse
654 1573 846 1614 homines
881 1586 930 1615 ea
963 1573 1014 1615 de
1047 1586 1094 1615 re
1127 1573 1357 1616 frementes
1391 1587 1439 1616 ac
1471 1581 1785 1619 murmurantes

232 1657 369 1697 neque
394 1648 521 1685 antea
543 1655 691 1685 ausum
710 1656 803 1686 esse
821 1645 936 1696 patri
953 1645 995 1685 id
1013 1644 1188 1687 referre.
1223 1645 1313 1696 Qua
1330 1657 1377 1686 re
1397 1646 1544 1687 audita
1561 1647 1585 1688 J
1590 1648 1782 1700 uppiter:

238 1713 286 1756 Τί
344 1713 444 1766 οὗν,
507 1713 543 1756 ὦ
606 1712 762 1768 Ἑρμῆ,
824 1714 969 1767 ὁοκεῖ,·
1026 1715 1302 1769 προτίθεμεν
1367 1715 1560 1768 αὐτοῖς
1618 1716 1786 1770 ἀγορὰν

233 1784 383 1837 δικῶν,
416 1786 443 1840 ἢ
467 1785 619 1838 θέλεις
642 1786 688 1838 ἐς
709 1787 857 1828 νέωτα
879 1785 1249 1839 παραγγελοῦμεν
1262 1802 1275 1839 ,·
1308 1788 1373 1829 Ad
1396 1800 1504 1840 quae
1527 1788 1784 1831 Mercurius:

237 1856 298 1899 Οὐ
331 1856 414 1910 μὲν
447 1855 540 1907 οὖν,
576 1856 673 1898 ἀλλ’
705 1856 791 1910 ἤδη
824 1856 1088 1910 προθῶμεν.
1143 1858 1224 1899 Hic
1256 1862 1371 1900 recte
1405 1858 1589 1901 Cobetus
1612 1859 1785 1912 (Mnem.

233 1929 297 1970 III
324 1929 423 1981 163)
446 1941 523 1981 pro
546 1926 824 1981 προτίθεμεν
846 1932 889 1969 et
910 1926 1279 1981 παραγγελοῦμεν
1302 1929 1567 1972 commendat
1590 1930 1786 1972 coniunc-

233 2000 367 2041 tivum
390 1999 672 2041 dubitativum
698 1997 951 2051 προθῶμεν
973 2002 1016 2040 et
1038 1998 1429 2052 παραγγείλωμεν,·
1460 2000 1787 2053 improbandum

235 2075 378 2112 autem
409 2070 591 2122 videtur,
641 2070 754 2123 quod
786 2069 1114 2111 Herwerdenius
1147 2071 1279 2112 verba
1310 2069 1462 2122 θέλεις
1494 2075 1537 2113 et
1568 2083 1785 2124 παραγγε-

234 2141 401 2194 λοῦμεν
449 2145 491 2183 et
530 2140 783 2193 προθῶμεν
821 2145 869 2182 ut
901 2141 1194 2182 additamenta
1225 2142 1508 2194 interpretum
1541 2148 1686 2185 censet
1717 2156 1783 2184 re-

234 2213 453 2256 movenda.
473 2213 754 2255 Desideratur
772 2213 969 2254 nimirum
988 2212 1030 2253 in
1043 2212 1155 2254 Iovis
1174 2212 1313 2254 verbis
1327 2225 1460 2265 prope
1480 2214 1653 2256 verbum
1671 2228 1780 2266 προ-

234 2282 393 2336 θῶμεν
441 2284 615 2337 aliquid‚
665 2285 777 2337 quod
827 2284 1087 2337 respondeat
1134 2283 1307 2326 vocibus
1361 2283 1408 2336 ἐς
1459 2285 1619 2336 νέωτα,
1674 2298 1782 2338 quae

235 2360 404 2397 exstant
421 2359 520 2397 ante
539 2353 921 2408 παραγγείλωμεν.
956 2355 1092 2407 Fungi
1110 2358 1254 2407 potest
1277 2368 1324 2396 eo
1343 2367 1517 2398 munere
1536 2356 1783 2398 adverbium

236 2425 446 2477 αὐτίκα,
486 2426 598 2479 quod
628 2430 727 2468 ante
761 2424 918 2477 αὐτοῖς
947 2427 1152 2478 scriptum
1181 2426 1294 2468 inter
1322 2427 1593 2469 scribendum
1620 2432 1782 2469 temere

236 2497 437 2538 omissum
486 2503 565 2539 est.
628 2497 747 2547 Quod
795 2497 831 2538 si
876 2497 1194 2549 inseruerimus‚
1243 2498 1351 2540 hanc
1388 2499 1638 2541 habebimus
1671 2498 1782 2540 Iovis

236 2567 638 2620 interrogationem:
689 2568 862 2610 ‘Utrum
911 2569 1058 2610 statim
1107 2570 1166 2610 eis
1209 2570 1483 2612 instituamus
1531 2571 1783 2612 iudiciorum

235 2640 446 2681 nundinas
480 2652 532 2680 an
566 2640 627 2682 vis
662 2641 703 2682 in
737 2653 888 2682 novum
924 2654 1077 2682 annum
1113 2641 1372 2683 edicamus?’

354 2709 440 2752 Nec
474 2710 756 2753 dubitaverim
795 2712 837 2753 in
869 2712 949 2753 Bis
973 2724 1068 2754 acc.
1096 2712 1145 2753 27
1173 2713 1303 2754 verba
1326 2713 1581 2756 Rhetoricae
1607 2714 1782 2756 Luciani

237 2781 422 2823 animum
445 2782 685 2823 accusantis
707 2788 754 2824 ut
769 2783 983 2836 ingratum
1002 2784 1081 2825 hoc
1099 2784 1222 2825 modo
1242 2785 1472 2837 complere:
1496 2784 1782 2826 ἀπολιποῦσα
