2039 3188
1067 168 1117 209 18

422 282 646 325 Nonnullis
702 282 807 324 locis
861 282 1086 325 Lucianeis
1147 284 1274 326 etiam
1327 282 1538 335 ampliora
1591 281 1865 323 inveniuntur

303 354 611 405 additamenta,
632 364 742 405 quae
762 352 1017 404 expunxisse
1034 353 1210 395 iuvabit.
1247 353 1388 396 Veluti
1406 353 1449 394 in
1468 351 1682 394 Hermot.
1700 350 1774 403 40,
1793 351 1866 394 ubi

304 424 575 474 describitur,
625 435 709 475 qua
740 422 908 463 ratione
942 425 1082 465 sortes
1115 423 1406 475 agonistarum
1439 423 1482 464 in
1513 422 1626 463 ludis
1658 420 1866 475 Olympiis

307 495 529 536 ducantur.
596 492 833 534 Iniciuntur
882 492 994 548 enim
1042 493 1084 534 in
1133 505 1281 534 urnam
1318 493 1443 535 binae
1481 497 1620 535 sortes
1652 493 1801 534 littera
1832 493 1868 534 A

305 567 494 615 notatae,
545 563 672 605 binae
704 563 852 605 littera
884 563 932 615 B,
973 563 1099 604 binae
1132 563 1279 605 littera
1311 562 1356 615 G,
1390 564 1452 606 ita
1483 567 1532 605 ut
1563 564 1743 606 sortium
1775 562 1869 604 uni-

306 646 455 677 versus
478 646 680 676 numerus
703 645 924 676 numerum
941 633 1154 686 adaequet
1172 633 1478 685 agonistarum.
1500 633 1590 675 Iam
1608 634 1720 687 quod
1739 645 1867 686 porro

306 706 509 758 legimus:
559 703 681 746 οὕτω
718 704 801 757 μὲν
833 703 930 757 γάρ,
963 702 1019 756 ἢν
1053 702 1197 756 ἄρτιοι
1230 702 1340 745 ὦσιν
1372 704 1415 744 οἱ
1447 702 1701 756 ἀγωνισταί,
1750 703 1869 746 οἷον

307 775 446 818 ὀκτὼ
469 774 497 828 ἢ
521 776 774 827 τέτταρες
795 773 823 828 ἢ
847 773 1084 826 ὁώὸεκα,
1117 773 1174 828 ἢν
1198 772 1247 816 δὲ
1269 774 1482 826 περιττοί,
1505 774 1691 825 πέντε,
1715 772 1868 823 ἑπτὰ,

309 846 486 897 ἐννέα,
520 845 705 898 γράμμα
737 857 778 886 τι
799 843 1021 897 ’περιττὸν
1056 845 1121 886 ἑνὶ
1142 843 1297 897 κλήρῳ
1322 843 1543 897 ἐγγραφὲν
1566 842 1871 897 συμβάλλεται

309 915 479 968 αὐτοῖς,
529 916 735 967 languida
774 915 968 968 profecto
1002 920 1102 958 sunt
1135 916 1324 968 ipsorum
1357 927 1632 956 numerorum
1665 914 1868 967 exempla.

308 989 373 1029 An
411 999 511 1028 vero
551 987 734 1039 scriptor
768 986 1030 1040 existimavit
1063 987 1176 1028 inter
1210 998 1282 1027 eos
1316 985 1388 1038 qui
1419 985 1616 1038 legerent
1646 984 1750 1038 sore,
1799 984 1872 1038 qui

308 1058 572 1111 ignorarent,
608 1057 680 1110 qui
714 1060 859 1099 essent
892 1056 1057 1098 numeri
1090 1068 1230 1109 pares,
1264 1056 1335 1109 qui
1366 1056 1581 1108 impares?
1615 1054 1747 1097 Immo
1771 1065 1871 1097 vero

309 1128 580 1180 agnoscenda
626 1127 696 1169 hie
734 1132 800 1170 est
838 1128 953 1170 docti
986 1127 1153 1169 scribae
1185 1127 1413 1180 sapientia,
1465 1127 1537 1180 qui
1571 1126 1766 1178 exempla
1797 1125 1891 1176 illa,

309 1198 493 1251 margini
526 1198 784 1251 appinxerit,
823 1199 936 1240 unde
967 1199 1236 1251 irrepserunt
1268 1199 1310 1239 in
1344 1201 1520 1240 textum.
1576 1197 1697 1248 Quod
1729 1199 1872 1238 autem

311 1270 641 1311 Herwerdenius
674 1281 820 1312 vocem
844 1269 942 1311 οἷον
965 1269 1091 1311 alteri
1115 1281 1281 1322 quoque
1304 1280 1576 1310 numerorum
1599 1267 1728 1309 seriei
1750 1279 1874 1321 prae-

310 1339 527 1393 figendum
575 1340 752 1387 censuit,
803 1340 847 1382 id
895 1352 971 1382 suo
1004 1340 1078 1381 ille
1111 1340 1280 1393 quidem
1313 1340 1406 1380 iure
1437 1338 1552 1391 fecit,
1587 1350 1680 1380 cum
1712 1338 1874 1380 tradita

310 1410 442 1452 verba
475 1422 647 1453 servare
681 1411 888 1462 studeret,
931 1411 1006 1453 sed
1039 1411 1152 1464 quod
1185 1410 1322 1452 altero
1355 1410 1449 1452 loco
1483 1421 1533 1451 ea
1565 1421 1645 1451 vox
1677 1408 1874 1462 adposita

313 1485 391 1533 est,
425 1481 562 1523 altero
597 1482 877 1534 neglegenter
909 1482 1080 1532 omissa,
1116 1481 1214 1523 inde
1246 1481 1313 1523 vel
1346 1480 1528 1522 maxime
1562 1479 1702 1532 colligi
1731 1483 1876 1532 potest

313 1564 363 1593 ea
395 1552 528 1594 verba
560 1553 613 1594 ab
646 1552 740 1605 ipso
774 1552 962 1594 Luciano
996 1552 1134 1594 textui
1168 1563 1263 1593 esse
1297 1551 1468 1593 omnino
1502 1563 1586 1592 non
1619 1550 1794 1592 inserta.

430 1623 546 1664 Idem
576 1623 764 1664 studium
786 1623 990 1675 languide
1014 1622 1253 1675 exponendi
1277 1633 1486 1675 agnoscas
1506 1621 1551 1662 in
1573 1620 1710 1664 Phal.
1733 1619 1785 1663 A.
1810 1619 1872 1662 12.

311 1692 395 1734 Ubi
434 1693 470 1735 si
512 1706 562 1735 ea
596 1697 915 1746 enumerantur,
965 1706 1074 1746 quae
1109 1705 1241 1735 aeneo
1274 1693 1373 1735 bovi
1406 1692 1595 1746 Apollini
1628 1696 1876 1734 consecrato

313 1767 412 1804 sunt
449 1763 736 1815 inscribenda,
771 1764 827 1816 id,
862 1765 975 1817 quod
1008 1768 1107 1817 post
1138 1765 1269 1806 verba
1301 1763 1357 1805 τὰ
1389 1765 1470 1805 τοῦ
1504 1764 1652 1816 σοφοῦ
1672 1760 1878 1815 χαλκέως

313 1832 427 1886 μέλη
475 1834 536 1876 sie
583 1835 762 1887 legitur:
788 1834 915 1887 τὴν
952 1835 1172 1888 πρώτην
1219 1838 1419 1887 πεῖραν
1460 1836 1554 1886 τῆς
1591 1835 1875 1886 μουσικῆς,

314 1917 476 1946 merum
510 1905 722 1958 glossema
756 1908 834 1947 est.
882 1905 931 1946 In
955 1905 1069 1948 Tox.
1095 1906 1147 1947 27
1179 1906 1286 1947 haec
1317 1905 1520 1958 legimus:
1555 1905 1610 1946 Et
1633 1904 1876 1946 Demetrius

314 1974 529 2027 profectus
563 1980 656 2017 erat
688 1977 943 2029 Aegyptum,
993 1981 1041 2018 ut
1073 1977 1316 2029 pyramides
1357 1977 1517 2018 viseret
1558 1978 1600 2017 et
1630 1975 1875 2025 Memnona;

316 2051 541 2098 acceperat
589 2047 700 2088 enim
747 2047 844 2088 illas
893 2047 1064 2100 quidem
1114 2048 1346 2089 altissimas
1387 2058 1481 2088 esse
1513 2058 1650 2098 neque
1682 2045 1877 2087 umbram

315 2117 538 2170 praebere,
589 2117 818 2160 Memnona
864 2121 1007 2160 autem
1055 2130 1208 2159 sonare
1258 2119 1422 2159 oriente
1466 2116 1566 2159 sole.
1633 2116 1877 2169 Sequuntur

314 2188 438 2230 haec:
472 2188 650 2229 τούτων
680 2187 970 2241 ἐπιθυμήσας
993 2187 1248 2241 Δημήτριος
1279 2187 1415 2239 θέας
1446 2187 1540 2238 μὲν
1573 2188 1678 2227 τῶν
1710 2199 1874 2239 πυρα-

316 2256 506 2310 μίδων,
558 2257 879 2311 ἀκροάσεως
926 2257 984 2300 de
1025 2260 1118 2300 τοῦ
1152 2257 1456 2311 Μέμνονος.
1521 2257 1660 2308 Quid?
1708 2257 1872 2309 Omnia,

318 2342 427 2382 quae
461 2332 631 2371 exstant
663 2333 762 2382 post
793 2342 947 2372 nomen
980 2330 1202 2381 Demetrii,
1247 2342 1388 2371 nonne
1419 2326 1679 2381 superfluam
1712 2331 1755 2369 et
1788 2340 1873 2369 mo-

315 2401 470 2442 lestam
504 2398 694 2441 efficiunt
725 2401 1029 2453 repetitionem
1062 2400 1117 2442 ab
1150 2400 1388 2452 interprete
1420 2399 1561 2441 verbis
1596 2398 1783 2440 auctoris
1813 2398 1876 2440 in-

317 2471 505 2512 sertam‘?
538 2470 586 2511 In
606 2471 745 2513 llIuse.
766 2471 889 2513 laud.
909 2471 946 2512 3.
967 2472 1071 2512 haec
1090 2474 1378 2524 exponuntur:
1410 2470 1471 2511 Ex
1491 2482 1563 2511 ore
1580 2480 1750 2511 muscae
1772 2469 1875 2510 dens

317 2541 544 2593 prominet,
579 2553 662 2593 quo
695 2554 888 2595 pungens
921 2542 1173 2594 sanguinein
1201 2541 1358 2582 haurit.
1410 2540 1526 2590 Quae
1548 2540 1584 2582 si
1606 2539 1755 2582 statim
1771 2539 1876 2581 haec

318 2614 600 2664 sequerentur
633 2613 764 2654 verba
799 2612 850 2653 οὐ
873 2611 986 2665 μετὰ
1019 2610 1218 2664 μεγάλης
1247 2610 1413 2664 ὀδύνης
1436 2613 1528 2652 τῶν
1550 2609 1876 2662 κεντουμένων,

319 2683 426 2723 bene
473 2680 626 2724 flueret
671 2683 901 2725 sententia.
964 2683 1023 2725 At
1071 2682 1270 2724 turbatur
1313 2683 1454 2724 clarus
1486 2682 1713 2724 verborum
1745 2691 1877 2721 nexus

318 2752 384 2793 his
407 2752 667 2795 interiectis:
702 2754 846 2794 πίνει
866 2753 964 2807 μὲν
986 2752 1081 2805 γὰρ
1105 2754 1195 2794 καὶ
1216 2752 1503 2805 γάλακτος,
1530 2750 1631 2806 ἡδὺ
1655 2748 1711 2792 δὲ
1734 2748 1876 2802 αὐτῷ
