2039 3188
1026 195 1080 235 24

269 308 543 361 participium
566 308 837 360 προσιόντος
863 309 923 350 ita
947 311 1211 364 collocatum,
1237 324 1319 366 quo
1342 312 1568 354 referatur.
1635 312 1754 363 Quod
1786 313 1827 355 si

269 379 512 431 reposueris
532 381 628 430 post
647 377 933 431 αἰσθόμενος,
947 381 1055 423 hanc
1072 382 1250 424 habebis
1268 384 1548 425 sententiam:
1572 383 1665 430 ,Ubi
1682 387 1825 426 autem

269 461 370 490 voce
413 452 617 501 percepta
654 451 1069 504 approquinquantis
1103 454 1195 505 ipse
1229 466 1396 507 quoque
1439 467 1582 496 vocem
1617 454 1751 496 edidit
1784 458 1827 496 et

269 532 360 561 cum
395 519 571 572 capillos
604 520 872 562 distinxisset
891 526 947 564 *et
979 535 1028 564 ex
1051 523 1159 565 facie
1183 526 1435 566 removisset
1457 529 1607 578 utpote
1629 525 1825 568 sordidos

268 602 317 632 ac
341 590 622 631 condensatos
641 592 896 633 monstravit
915 604 1008 634 sese
1028 594 1166 647 qualis
1185 599 1313 646 esset,
1339 595 1461 636 ambo
1487 595 1709 638 confestim
1728 608 1828 648 pro-

270 661 415 703 cidunt
432 660 493 701 illi
513 660 682 713 quidem
702 661 844 703 obtusi
862 662 1157 716 inexspectato
1182 665 1286 708 visu.
1321 665 1534 707 Paulatim
1554 670 1694 709 autem
1716 666 1826 708 ...‘.

385 732 434 773 In
459 731 564 774 Luc.
596 744 630 775 s.
662 732 776 774 asin.
801 732 860 774 30
884 733 1039 777 Lucius
1064 736 1106 776 in
1130 736 1298 777 asinum
1322 740 1512 778 mutatus
1542 741 1701 790 narrat,
1726 741 1830 791 quot

268 806 535 856 quantosque
570 803 783 845 cruciatus
818 805 875 846 sit
906 817 1151 859 perpessus,
1188 819 1282 848 cum
1315 819 1340 848 a
1372 820 1504 859 puero
1535 808 1716 850 scelesto
1740 809 1829 861 agi-

267 877 383 916 tatus
418 875 566 928 gravia
598 874 810 927 lignorum
846 888 976 918 onera
1009 876 1122 919 ferre
1156 881 1393 930 cogeretur.
1453 877 1560 919 Nam
1595 878 1668 920 ubi
1700 891 1830 922 onere

266 948 309 987 et
331 946 587 987 lassitudine
611 945 827 988 confectus
852 947 1120 999 concidisset,
1146 949 1212 990 vel
1236 949 1418 989 maxima
1441 948 1572 991 fuisse
1595 952 1829 992 tormenta:

267 1014 323 1057 οὗ
355 1014 437 1068 γὰρ
469 1014 526 1068 ἦν
558 1015 846 1069 καταβάντος
877 1017 959 1070 τὴν
979 1019 1108 1071 χεῖρά
1130 1032 1207 1071 μοι
1231 1017 1464 1060 έπιὸοῦναι
1485 1018 1600 1072 κάμέ
1620 1018 1830 1073 χαμόθεν

266 1086 567 1139 ἐπεγείρειν
693 1087 716 1128 ὁ
739 1086 787 1129 ὁὲ
812 1086 916 1130 οὔτε
939 1088 1182 1142 κατῆλθεν,
1207 1089 1311 1132 οὔτε
1329 1091 1459 1144 χεῖρά
1481 1104 1558 1143 μοι
1589 1090 1829 1143 ἐπέδωκεν,

271 1155 368 1198 ἀλλ’
537 1158 784 1199 συνέκοπτέ
830 1173 887 1211 με
920 1162 984 1213 τῷ
1034 1159 1167 1213 ξύλῳ,
1222 1160 1309 1213 ἕως
1343 1161 1669 1215 έπεγείρωσί
1698 1175 1755 1215 με
1788 1163 1832 1203 αἱ
1883 1161 1885 1164 ⁴

264 1226 445 1280 πληγαί.
496 1228 682 1270 Verbum
717 1228 958 1282 ἐπεγείρειν
991 1232 1183 1284 quamvis
1216 1232 1325 1274 bene
1358 1233 1540 1285 quadret
1570 1233 1623 1275 ad
1646 1233 1830 1275 alterum

264 1297 417 1351 locum,
451 1299 593 1351 priore
618 1300 710 1342 loco
733 1313 817 1342 non
845 1301 906 1342 ita
929 1302 1036 1344 bene
1061 1306 1126 1344 est
1149 1304 1348 1355 positum.
1399 1303 1547 1357 Neque
1571 1305 1682 1346 enim
1705 1305 1831 1357 pueri

266 1372 360 1410 erat
408 1370 530 1422 quasi
571 1383 593 1412 e
628 1383 774 1413 somno
809 1372 1137 1426 expergefacere
1171 1374 1350 1426 asinum,
1399 1375 1474 1416 sed
1505 1376 1683 1417 comiter
1704 1375 1831 1418 humo

266 1440 434 1482 tollere.
486 1442 692 1494 Apuleius
726 1446 870 1484 autem
903 1456 997 1486 cum
1031 1443 1233 1487 inferiore
1265 1445 1356 1488 loco
1390 1448 1538 1487 utatur
1570 1446 1700 1488 verbo
1726 1448 1832 1489 ‘sus-

267 1510 429 1563 citare',
463 1512 608 1564 priore
642 1514 947 1567 ‘suspendere’‚
982 1515 1050 1558 hic
1082 1516 1125 1556 in
1160 1516 1324 1569 graecis
1348 1528 1515 1569 quoque
1538 1516 1680 1559 verbis
1703 1518 1831 1560 resti-

266 1582 471 1624 tuendum
512 1584 569 1625 sit
613 1583 870 1637 ἐπαίρειν.

384 1653 463 1695 His
487 1654 665 1697 Luciani
697 1656 801 1698 locis
835 1657 1111 1710 perlustratis
1145 1658 1275 1700 liceat
1308 1659 1438 1701 etiam
1478 1657 1636 1701 similia
1658 1671 1709 1701 ex
1731 1659 1828 1702 aliis

267 1724 550 1776 scriptoribus
584 1726 750 1779 graecis
785 1727 965 1770 collecta
997 1728 1204 1781 proferre.

383 1795 550 1848 Exigua
599 1796 846 1840 litterarum
893 1800 1132 1842 mutatione
1182 1801 1328 1842 sanari
1365 1801 1470 1842 mihi
1501 1801 1670 1844 videtur
1703 1813 1830 1855 posse

263 1864 573 1910 Plat.Phaed.
594 1879 661 1922 cp.
682 1868 754 1911 23:
775 1870 984 1912 ‘Nondum
1003 1871 1342 1914 demonstratum
1362 1876 1440 1925 est,
1460 1872 1601 1925 inquit
1617 1872 1829 1925 Simmias,

263 1947 365 1977 num
412 1937 554 1979 anima
600 1937 745 1980 futura
794 1940 851 1982 sit
891 1945 991 1993 post
1023 1945 1216 1983 mortem.
1279 1942 1394 1984 Fieri
1430 1943 1541 1984 enim
1574 1947 1731 1996 potest,
1781 1948 1830 1986 ut

263 2006 434 2048 homine
461 2012 629 2051 mortuo
654 2010 796 2052 anima
820 2011 1068 2064 dissipetur.
1117 2012 1225 2054 Nam
1248 2013 1351 2066 quid
1372 2013 1567 2066 impedit,
1602 2014 1828 2067 quominus

262 2076 358 2129 ipsa
390 2090 557 2131 quoque
591 2080 793 2133 gignatur
826 2085 869 2124 et
901 2083 1097 2124 alicunde
1130 2084 1294 2125 oriatur
1317 2088 1360 2126 et
1383 2087 1521 2126 exstet
1542 2085 1648 2137 πρὶν
1670 2085 1745 2126 καὶ
1767 2086 1829 2137 εἰς

264 2145 557 2200 ἀνθρώπειον
606 2153 738 2203 σῶμα
786 2150 1045 2205 ἀφικέσθαι,
1101 2152 1283 2195 έπειὸἀν
1331 2144 1393 2195 δὲ’
1429 2154 1697 2208 ἀφίκηται
1743 2155 1829 2196 καὶ

264 2215 581 2272 ἀπαλλάτηται
619 2221 798 2274 τούτου,
847 2223 950 2264 τότε
981 2224 1056 2264 καὶ
1089 2223 1232 2277 αὐτὴν
1263 2224 1478 2266 τελευτᾶν
1510 2226 1585 2266 καὶ
1622 2224 1829 2279 διαφθεί-

265 2286 473 2340 ρεσθαι,·’
527 2291 715 2333 Verbum
742 2292 959 2346 ἀφίκηται
990 2294 1159 2336 videtur
1193 2298 1451 2348 corruptum.
1525 2296 1674 2349 Neque
1718 2297 1830 2337 enim

262 2356 357 2400 fieri
379 2363 535 2413 potest,
559 2365 607 2403 ut
629 2362 772 2404 anima
793 2364 994 2416 intereat,
1018 2364 1091 2406 ubi
1113 2365 1157 2406 in
1181 2377 1336 2418 corpus
1359 2366 1545 2408 advenit.
1584 2367 1828 2418 Flagitatur

262 2429 438 2472 verbum
487 2444 580 2473 cum
627 2433 758 2475 verbo
809 2432 1153 2488 ἀπαλλάττηται
1195 2448 1323 2478 sensu
1359 2449 1611 2489 congruens.
1674 2438 1826 2490 Itaque

262 2501 456 2553 suspicor
510 2502 734 2546 Platonem
788 2505 1013 2558 scripsisse
1061 2504 1376 2559 ἀφιστῆται,
1430 2507 1634 2550 stolidum
1682 2511 1826 2551 autem

263 2571 447 2614 scribam
510 2572 722 2616 infinitivo
779 2574 1027 2628 ἀφικέσθαι
1078 2577 1207 2629 paulo
1261 2578 1542 2620 antecedente
1595 2579 1824 2622 adductum

262 2653 368 2694 esse,
401 2646 451 2685 ut
482 2644 594 2686 idem
626 2645 802 2687 verbum
835 2646 991 2689 iterum
1025 2651 1219 2700 poneret.

378 2714 482 2757 Levi
529 2717 769 2758 mutatione
816 2717 1013 2771 indigent
1059 2719 1222 2761 tradita
1253 2719 1385 2762 verba
1422 2720 1554 2762 etiam
1586 2720 1628 2761 in
1661 2719 1820 2774 Eurip.

259 2784 414 2838 Iphig.
462 2786 601 2830 Taur.
643 2789 698 2828 97
744 2800 833 2841 sqq.
932 2788 1107 2832 Orestes
1157 2790 1209 2832 ab
1275 2790 1474 2844 Apolline
1551 2791 1595 2832 in
1660 2790 1823 2833 Tauros
