2039 3188
906 152 956 192 31

155 265 391 318 ‘obliquare
425 266 583 308 crinem
617 268 811 320 nodoque
844 268 1166 320 substringere'.
1215 270 1370 311 Vocem
1404 274 1546 312 autem
1581 273 1709 315 ‘cani-

154 335 268 376 tiem'
320 328 566 388 corruptum
613 349 764 379 censeo
815 351 864 380 ex
913 338 1164 382 ‘canitie’.
1225 339 1346 381 Hanc
1393 340 1524 392 igitur
1571 342 1708 385 habeo

155 406 428 447 sententiam:
478 407 551 448 ‘In
585 407 711 449 aliis
745 409 992 460 gentibus
1028 441 1138 451 ....
1172 422 1349 451 rarum
1383 413 1431 452 et
1463 411 1602 453 intra
1634 413 1708 454 iu-

154 479 339 518 ventae
381 477 625 529 spatium:
676 479 807 530 apud
841 478 1034 520 Suebos
1073 491 1234 532 usque
1268 481 1327 521 ad
1363 481 1559 523 canitie
1592 482 1707 524 hor-

155 549 353 587 rentem
407 547 667 598 capillum.
762 549 1117 601 Retorquetur
1171 562 1227 591 ac
1281 563 1439 603 saepe
1492 551 1543 593 in
1596 553 1707 605 ipso

154 616 347 658 vertice
386 617 681 670 religatur'.

270 686 318 727 In
371 687 478 730 Tac.
510 688 634 731 Hist.
687 689 712 731 1
766 688 823 731 65
871 689 983 742 quod
1037 690 1088 731 de
1120 690 1474 742 Lugdunensibus
1507 696 1550 734 et
1582 693 1708 735 Vien-

154 755 356 798 nensibus
403 756 508 800 haec
556 758 773 800 dicuntur:
824 759 948 801 ‘unde
1002 761 1233 802 aemulatio
1268 765 1311 803 et
1343 762 1504 803 invidia
1537 766 1579 804 et
1610 776 1706 805 uno

155 839 277 868 amne
309 827 506 869 discretis
541 841 741 871 conexum
777 829 950 882 odium'‚
985 830 1201 872 subtiliter
1235 835 1507 883 opponuntur
1529 833 1641 875 inter
1663 846 1708 875 se

154 897 285 938 verba
319 898 541 940 ‘discretis'
576 902 618 941 et
652 899 897 948 ‘conexum’,
944 900 988 941 id
1036 901 1148 953 quod
1181 901 1242 943 sic
1275 902 1461 954 explicat
1493 903 1707 947 Heraeus:

160 968 271 1015 „Der
304 967 459 1020 Stmm,
501 970 576 1010 der
609 969 770 1011 allein
803 971 927 1012 beide
961 971 1118 1023 schied,
1152 971 1312 1014 bildete
1344 973 1442 1014 kein
1476 974 1708 1016 Hindernis

152 1037 267 1079 ihres
302 1038 474 1081 Hassesn
540 1040 635 1082 Tac.
672 1040 800 1092 spielt
837 1041 916 1082 mit
948 1041 1028 1083 den
1063 1041 1359 1093 Gegensatzen
1393 1044 1589 1087 discretis
1622 1045 1709 1087 und

153 1115 399 1152 conexu1n“.
448 1110 504 1152 At
536 1122 644 1163 quae
677 1111 789 1152 inest
821 1112 1037 1153 sententia
1069 1112 1112 1153 in
1145 1113 1287 1155 verbis
1321 1115 1438 1155 ‘uno
1472 1127 1595 1156 amne
1624 1116 1708 1157 dis-

154 1180 308 1232 cretis’,
334 1193 426 1222 eam
449 1181 647 1222 nimirum
671 1181 842 1223 Tacitus
866 1183 1107 1224 concessive
1131 1183 1331 1236 subiungi
1354 1185 1445 1226 vult
1466 1187 1708 1228 sententiae

154 1253 370 1293 ‘conexum
418 1251 586 1292 odium’.
648 1251 800 1304 Itaque
846 1253 996 1294 vocula
1047 1253 1183 1295 ‘uno’
1236 1254 1446 1307 displicet,
1497 1267 1580 1308 qua
1623 1269 1707 1297 non

152 1325 333 1375 augetur
385 1321 448 1363 vis
503 1321 689 1363 notionis
743 1323 879 1363 amnis
925 1326 1075 1375 utpote
1130 1324 1468 1366 coniunctionem
1518 1326 1709 1377 gentium

152 1392 438 1444 impedientis,
488 1392 562 1433 sed
611 1392 889 1434 contrahitur.
952 1394 1137 1435 Proinde
1183 1407 1261 1447 pro
1310 1395 1431 1437 ‘uno'
1473 1396 1709 1438 substituas

154 1464 309 1514 ‘magn
324 1462 387 1514 o',
422 1466 468 1504 ut
496 1462 565 1504 hic
588 1475 737 1505 sensus
762 1462 992 1505 efficiatur:
1028 1465 1358 1518 ‘Lugdunenses
1380 1469 1423 1507 et
1445 1467 1708 1509 Viennenses

153 1545 407 1586 quamquam
440 1545 594 1585 magno
628 1546 751 1576 amne
774 1534 981 1576 Rhodano
1016 1539 1287 1588 separantur,
1341 1539 1484 1578 tamen
1517 1538 1630 1579 inter
1663 1550 1708 1579 se

154 1604 275 1656 quasi
309 1604 623 1657 coniunguntur
656 1605 783 1646 odio'.

272 1675 321 1716 In
339 1674 466 1717 Hist.
484 1674 549 1717 IV
559 1686 625 1728 cp.
638 1674 694 1716 29
712 1675 884 1717 Tacitus
902 1679 1063 1727 narrat,
1084 1688 1178 1717 cum
1196 1675 1342 1718 Civilis
1361 1677 1480 1729 ignes
1498 1678 1708 1730 restingui

155 1745 371 1797 iussisset,
411 1757 462 1786 ne
508 1745 688 1787 Romani
736 1745 995 1787 Batavorum
1042 1747 1176 1788 aciem
1226 1748 1471 1800 conspicere
1518 1751 1707 1800 possent,

157 1816 362 1858 clamores
396 1816 591 1858 dissonos
624 1829 700 1868 per
722 1815 924 1858 tenebras
948 1828 1041 1858 esse
1065 1820 1182 1859 ortos
1206 1821 1248 1859 et
1271 1829 1499 1860 concursus
1522 1819 1708 1861 incertos

156 1899 233 1929 nec
265 1886 445 1928 feriendi
478 1899 555 1928 nec
594 1887 835 1928 declinandi
867 1886 998 1928 fuisse
1023 1888 1353 1939 providentiam:
1389 1888 1529 1941 ‘unde,
1553 1889 1706 1942 inquit,

158 1957 317 1999 clamor
340 1957 568 2008 acciderat,
604 1957 892 2009 circumagere
922 1970 1115 2010 corpora,
1149 1959 1324 2000 tendere
1348 1959 1529 2002 arcus'.
1580 1961 1711 2002 Recte

155 2028 348 2070 Heraeus
381 2031 512 2079 negat
546 2028 703 2069 ‘arcum
736 2028 924 2070 tendere’
959 2029 1061 2080 (den
1084 2029 1230 2082 Bogen
1266 2031 1475 2082 spannen)
1509 2032 1710 2084 usurpari

155 2111 282 2151 posse
314 2111 391 2151 pro
425 2100 584 2140 ‘arcum
617 2098 760 2151 aliquo
795 2099 1010 2151 dirigere,
1045 2099 1204 2152 quippe
1238 2112 1330 2141 cum
1359 2113 1495 2153 neque
1516 2101 1558 2142 in
1582 2101 1711 2144 Bata-

156 2181 302 2210 vorum
333 2168 435 2211 belli
468 2169 715 2211 narratione
756 2182 892 2222 neque
925 2170 968 2211 in
1004 2170 1099 2212 Tac.
1136 2170 1276 2212 Germ.
1314 2182 1376 2223 cp.
1402 2172 1426 2212 6
1460 2171 1574 2213 inter
1607 2172 1711 2214 Ger-

157 2251 378 2281 manorum
425 2247 546 2281 arma
593 2251 716 2281 arcus
759 2244 1154 2282 connnemorentur.
1222 2241 1505 2291 Quamobrem
1552 2243 1712 2284 reiecta

157 2310 232 2352 illa
265 2310 413 2352 Medic.
440 2310 528 2352 cod.
555 2310 737 2352 lectione
771 2311 862 2363 ipse
895 2311 1030 2363 Lipsii
1062 2311 1216 2363 recipit
1239 2312 1524 2354 coniecturam
1549 2312 1710 2355 ‘artus'.

159 2380 360 2422 Conferas
398 2383 540 2422 autem
573 2393 683 2433 quae
714 2381 842 2433 paulo
876 2382 1072 2434 superius
1104 2382 1325 2434 leguntur:
1374 2383 1565 2435 Romani⁷
1616 2396 1712 2425 con-

157 2451 346 2503 spicuam
369 2451 651 2493 barbarorum
684 2452 832 2502 aciem,
867 2455 922 2503 et,
957 2452 994 2493 si
1027 2452 1122 2505 quis
1156 2453 1334 2494 audacia
1367 2457 1441 2494 aut
1473 2454 1711 2506 insignibus

159 2520 374 2574 effulgens,
415 2522 468 2563 ad
508 2522 664 2564 ictum
698 2522 1008 2574 destinabant’;
1056 2522 1248 2565 conferas
1282 2523 1410 2564 etiam
1445 2522 1565 2565 Caes.
1599 2524 1639 2567 b.
1670 2537 1708 2577 g.

158 2604 220 2644 cp.
248 2593 320 2632 25:
346 2592 441 2634 ‘uno
475 2593 582 2635 ictu
614 2593 827 2646 pilorum’.
883 2593 1018 2643 Quid?
1069 2594 1239 2635 Tacitus
1272 2606 1410 2636 nonne
1443 2593 1511 2636 hic
1544 2607 1711 2648 quoque

157 2662 379 2715 scripserit
404 2664 644 2705 ‘tendere
677 2664 856 2707 ictus'?

275 2731 492 2775 Catullus
524 2734 574 2775 in
607 2745 748 2778 carm.
780 2734 839 2777 64
870 2747 909 2778 v.
938 2733 999 2776 60
1043 2738 1206 2777 vestem
1245 2736 1417 2789 egregie
1449 2736 1609 2790 pictam
1641 2737 1712 2778 de-
