2039 3188
881 206 931 246 21

131 321 173 361 in
207 320 346 361 animo
381 324 457 372 est,
493 331 597 372 quos
630 320 744 362 locos
778 321 1011 364 invenerim
1044 320 1139 362 aliis
1162 320 1324 361 mendis
1348 319 1558 362 turbatos.
1610 320 1684 362 At-

133 402 213 442 que
245 390 312 431 hic
345 402 512 442 quoque
544 391 727 442 primum
758 391 898 433 locum
932 392 1124 433 obtineat
1156 391 1379 432 Lucianus.

249 461 296 502 In
319 460 441 503 Dial.
466 461 604 504 mort.
624 460 758 503 XXII
776 462 802 503 3
831 463 1058 515 Menippus
1082 461 1262 514 Cynicus
1285 459 1512 502 Charontis
1537 460 1684 513 cymbo

131 534 398 572 transvectus
447 543 539 572 cum
587 531 756 573 obolum
805 532 970 574 solvere
1017 543 1102 573 non
1149 530 1298 582 possit,
1350 531 1462 583 quod
1503 531 1686 582 pecunia

128 613 305 652 prorsus
339 604 468 651 caret,
505 600 708 643 Charonti
745 603 901 644 iterum
933 605 1061 654 atque
1099 601 1253 642 iterum
1277 601 1470 652 poscenti
1492 601 1683 642 nauium:

134 669 321 720 Οὐκοῦν,
346 671 496 724 inquit,
523 669 691 723 ἄπαγέ
713 685 769 724 με
802 670 938 723 αὖθις
972 671 1017 723 ἐς
1049 670 1128 712 τὸν
1150 669 1262 723 βίον.
1310 671 1375 712 Ad
1396 670 1526 712 verba
1550 669 1686 722 αὖθις

131 740 179 792 ἐς
210 739 289 781 τὸν
320 739 420 793 βίον
453 754 535 782 non
570 740 713 793 ἄπαγε
745 743 939 795 quadrat,
973 742 1049 783 sed
1083 740 1264 792 ἄναγε;
1298 753 1435 793 neque
1468 742 1579 783 enim
1614 741 1686 782 ab·

131 810 226 852 duci
244 823 338 851 sese
357 811 446 852 vult
464 811 703 864 Menippus,
728 813 802 853 sed
820 824 986 853 sursum
1006 811 1140 853 educi.
1176 810 1378 852 Conferas
1397 811 1522 852 Dial.
1541 812 1684 854 mort.

130 880 330 922 XX1113:
352 880 589 933 ἀναγαγὼν
606 883 770 922 τοῦτον
789 879 924 933 αὖθις
942 882 1134 934 ποίησον
1148 881 1359 933 νυμφίον.
1383 880 1543 923 Eadem
1560 882 1685 923 unius

130 953 301 994 litterae
351 951 587 993 mutatione
620 964 724 1004 opus
759 964 852 994 esse
885 964 1037 993 censeo
1075 950 1254 1004 Catapl.
1292 950 1331 992 2.
1397 950 1479 993 Ubi
1519 951 1686 993 Charon

130 1022 324 1064 omnibus
358 1021 486 1062 rebus
519 1020 635 1074 πρὸς
668 1020 921 1074 ἀναγωγήν
954 1021 1224 1075 praeparatis
1257 1020 1418 1063 frustra
1451 1022 1550 1063 dum
1573 1022 1685 1064 Mer-

129 1093 292 1134 curium
327 1096 537 1145 expectat,
572 1093 847 1145 conqueritur
880 1105 974 1134 eum
1004 1105 1029 1134 a
1054 1093 1220 1144 superis
1244 1104 1327 1133 non
1351 1092 1504 1143 redire,
1540 1104 1687 1145 quam-

131 1176 257 1217 quam
280 1164 399 1205 navis
423 1164 506 1204 iam
530 1167 596 1204 ter
619 1175 667 1204 eo
691 1163 758 1204 die
782 1161 1184 1204 ἀναπεπλευκέναι
1205 1163 1365 1214 potuit:
1401 1161 1509 1212 ἐπεί,
1533 1162 1687 1215 inquit,

132 1232 239 1275 οὐδὲ
269 1234 400 1286 ἡμεῖς
431 1246 541 1274 ποτε
564 1233 716 1284 αὐτόν,
752 1232 969 1275 ἀπιέναι
992 1232 1107 1284 δέον,
1142 1233 1490 1285 κατεσχήκαμεν.
1549 1233 1687 1283 Quid?

130 1304 199 1345 hic
252 1316 392 1345 nonne
447 1304 594 1346 eadem
641 1304 905 1356 praepositio
954 1304 1221 1345 restituenda
1269 1304 1339 1357 sit,
1397 1316 1507 1356 quae
1555 1316 1687 1356 supra

126 1374 360 1417 identidem
399 1374 662 1425 occurrebat,
712 1378 755 1416 et
786 1374 1012 1427 legendum
1046 1373 1267 1415 ἀνιέναι.
1338 1374 1525 1426 Accedit,
1575 1375 1688 1427 quod

126 1445 254 1498 paulo
288 1444 465 1486 inferius
499 1445 730 1497 opponitur
762 1445 1041 1497 compositum
1074 1444 1249 1486 verbum
1281 1444 1479 1486 κατιέναι
1511 1445 1553 1486 in
1576 1444 1689 1486 eius-

127 1516 223 1557 dem
257 1515 482 1557 Charontis
524 1515 685 1557 verbis:
736 1513 920 1556 ἐπειδὰν
952 1513 1001 1556 δὲ
1032 1513 1189 1567 καιρὸς
1220 1515 1432 1565 κατιέναι,
1467 1513 1605 1567 σχολῇ

125 1586 400 1638 κατέρχεται.

245 1656 314 1698 De
346 1655 545 1698 sacrific.
568 1655 593 1696 5
617 1656 759 1708 agitur
784 1656 835 1698 de
858 1656 996 1708 poetis
1030 1656 1174 1708 turpia
1207 1656 1258 1696 de
1282 1655 1372 1697 deis
1397 1655 1686 1697 narrantibus.

128 1727 208 1777 Qui
241 1738 265 1768 a
298 1726 432 1768 Musis
465 1725 716 1768 inflammati
751 1729 908 1769 canunt
941 1725 1173 1768 Saturnum
1205 1726 1446 1768 exsecuisse
1480 1724 1687 1778 Οὐρανὸν

126 1802 294 1850 patrem
328 1801 370 1839 et
401 1798 648 1851 regnavisse
684 1795 937 1850 εέβασίλευέ
969 1808 1017 1837 τε
1051 1796 1108 1837 ἐν
1133 1795 1288 1848 αὐτῷ.
1336 1796 1431 1838 Non
1453 1796 1686 1838 verisimile

127 1872 192 1910 est
224 1868 456 1910 Lucianum
494 1880 596 1910 voce
637 1866 843 1920 Οὐρανὸν
898 1868 1034 1909 altero
1082 1867 1175 1909 loco
1224 1878 1452 1919 personam
1499 1866 1685 1908 divinam

128 1939 369 1990 denotasse,
413 1939 550 1980 altero
598 1936 761 1993 (αὐτῷ)
803 1938 967 1980 caelum
1015 1938 1167 1990 ipsum.
1231 1937 1429 1979 Forsitan
1462 1937 1686 1990 scripserit

129 2008 242 2050 ἀντ’
279 2009 458 2051 αὐτοῦ.

247 2080 371 2122 Pisc.
402 2080 474 2122 20.
517 2079 728 2121 Lucianus
768 2091 862 2120 cum
893 2078 1196 2130 Philosophiae
1235 2077 1480 2129 exposuerit
1512 2089 1557 2118 se
1591 2090 1685 2119 esse

126 2148 407 2203 μισαλάζονα
458 2151 531 2191 καὶ
583 2149 832 2203 μισογόητα
883 2149 958 2190 καὶ
1002 2146 1259 2201 μισοψευόῆ
1311 2148 1385 2188 καὶ
1430 2147 1685 2200 μισότυφον

128 2219 288 2274 (μισῶ
312 2221 408 2273 γάρ,
437 2221 590 2274 inquit,
614 2223 707 2261 πᾶν
729 2218 780 2261 τὸ
803 2217 1105 2271 τοιουτῶδες),
1130 2219 1259 2260 etiam
1283 2218 1524 2270 oppositam
1547 2222 1684 2259 artem

127 2302 222 2333 sese
255 2291 359 2333 dicit
387 2295 584 2333 accurate
607 2291 789 2341 novisse,
824 2302 932 2343 quae
956 2290 1127 2342 quidem
1151 2287 1240 2330 ἀπὸ
1264 2290 1344 2329 τοῦ
1369 2286 1504 2341 φίλου
1527 2288 1686 2330 habeat

128 2361 318 2402 initium:
369 2360 633 2414 φιλαλήθης
665 2373 713 2402 τε
752 2359 834 2412 γὰρ
873 2360 947 2401 καὶ
988 2358 1236 2412 φιλόκαλος
1273 2360 1348 2400 καὶ
1381 2357 1684 2412 φιλαπλοϊκὸς

127 2432 202 2473 καὶ
235 2430 319 2473 ὅσα
351 2434 415 2485 τῷ
451 2430 740 2485 φιλεῖσθαι
774 2433 972 2483 συγγενῆ.
1022 2431 1080 2472 Ut
1112 2442 1243 2483 supra
1266 2430 1469 2483 scriptam
1492 2429 1684 2471 videmus

128 2503 311 2545 activam
349 2503 528 2545 formam
565 2504 697 2555 μισῶ,
746 2502 808 2544 ita
843 2502 912 2543 hic
945 2501 1215 2544 desideratur
1247 2500 1483 2542 infinitivus
1517 2500 1683 2541 activus

129 2571 290 2626 φιλεῖν.
360 2572 561 2626 Suspicor
620 2573 753 2626 igitur
808 2572 1040 2614 Lucianum
1095 2572 1318 2625 scripsisse
1373 2573 1438 2623 τῷ
1498 2568 1684 2623 φιλεῖν

127 2642 240 2685 ἐστι
273 2646 471 2696 συγγενῆ.

242 2714 343 2756 Levi
384 2715 512 2756 etiam
552 2715 788 2756 mutatione
828 2714 992 2766 indiget
1024 2713 1120 2756 Pro
1143 2713 1279 2767 lapsu
1311 2713 1438 2755 inter
1471 2711 1611 2755 salut.
1636 2711 1681 2752 2.

127 2784 325 2827 Errorem
359 2785 575 2826 salutandi
598 2785 752 2837 aliquis
776 2796 978 2826 excusare
1003 2784 1104 2835 vult,
1140 2795 1233 2825 cum
1256 2783 1464 2825 matutino
1488 2786 1686 2835 tempore
