2039 3188
958 159 981 197 9

197 280 327 321 robur
360 289 409 319 ac
456 275 740 318 valetudinem
789 276 959 328 assequi
1007 287 1090 316 non
1128 276 1286 326 posset.
1355 271 1539 312 Proinde
1578 282 1630 310 ne
1669 281 1746 311 nos

198 350 368 403 quidem
418 348 660 390 desinamus
707 347 758 387 ad
797 346 1013 388 meliorem
1047 344 1241 385 habitum
1272 343 1506 395 perducere
1541 340 1746 382 animum:

198 421 263 463 sin
301 420 438 461 minus
476 418 711 470 poterimus
745 418 951 469 sapientis
984 415 1136 469 ψυχὴν
1169 414 1362 467 adipisci,
1404 411 1520 453 ἀλλὰ
1551 410 1747 464 μάλιστα

197 491 280 544 μὲν
314 487 563 541 ἐλπίζωμεν
586 487 695 540 ἕξειν
729 489 807 540 (sic
831 487 1147 540 Marquardtius
1181 498 1257 539 pro
1282 483 1412 537 ἔχειν)
1436 483 1658 535 κάκείνην,
1694 480 1749 522 ἂν

199 561 247 602 ἐκ
278 560 511 612 μειρακίου
544 557 854 611 προνοώμεθα
887 561 968 611 τῆς
1000 559 1150 610 ψυχῆς
1181 556 1325 609 ἡμῶν,
1359 555 1396 595 εἰ
1429 552 1477 595 δὲ
1507 554 1583 606 μή,
1633 551 1749 594 ἀλλὰ

199 633 279 672 τοῦ
312 644 358 682 γε
387 629 449 683 μὴ
483 629 750 682 πάναισχροι
781 629 951 682 ταύτην
983 626 1205 680 γενέσθαι,
1239 624 1449 677 καθάπερ
1480 624 1502 665 ὁ
1536 623 1749 676 Θερσίτης

199 701 250 744 τὸ
275 703 418 754 σῶμα,
452 699 773 753 φροντίζωμεν.
812 699 963 740 Manca
996 703 1062 741 est
1094 698 1321 740 sententia.
1363 696 1470 737 Nam
1505 696 1606 747 quid
1639 693 1749 746 ἕξειν

199 772 481 824 κάκείνηνὶ)
544 771 646 813 Cum
695 771 864 823 assequi
913 783 995 812 non
1044 769 1255 822 possimus
1303 768 1488 808 animum
1528 765 1749 818 sapientis,

200 857 298 886 num
333 844 511 885 eundem
544 843 811 895 sperabimus
844 846 987 883 tamen
1019 853 1095 882 nos
1120 852 1214 881 esse
1236 838 1488 880 habituros?
1521 837 1632 878 Mira
1654 848 1751 888 pro-

200 915 310 957 fecto
357 915 463 956 haec
505 913 768 955 adhortatio!
828 913 963 955 Deest
994 911 1169 964 aliquid,
1220 911 1262 951 ni
1295 909 1433 961 fallor,
1478 912 1576 961 post
1608 919 1752 949 vocem

200 986 422 1038 κάκείνην.
485 985 682 1026 Forsitan
732 984 953 1037 scripserit
990 982 1177 1025 Galenus
1220 979 1475 1032 κάκείνην
1506 977 1752 1031 ὑγιεινὴν

201 1059 437 1112 (speremus
468 1068 545 1098 nos
578 1057 764 1097 animum
797 1067 963 1107 quoque
996 1066 1089 1096 esse
1121 1053 1343 1094 habituros
1377 1050 1556 1102 sanum).
1604 1049 1754 1091 Scriba

200 1128 356 1182 aliquis
408 1139 500 1169 cum
552 1127 739 1179 priorem
790 1138 934 1167 vocem
988 1125 1162 1166 chartae
1213 1123 1471 1173 mandasset,
1527 1121 1617 1162 eius
1667 1118 1752 1160 fine

203 1200 406 1252 deceptus
451 1198 630 1240 alteram
679 1210 847 1251 quoque
880 1208 1023 1238 vocem
1057 1195 1257 1237 similiter
1290 1193 1512 1235 cadentem
1545 1203 1638 1234 sese
1670 1190 1755 1232 iam

202 1270 425 1323 scripsisse
458 1268 742 1311 existimabat.

319 1341 455 1384 Simili
501 1340 605 1382 vitio
652 1340 851 1381 laborant
899 1338 1029 1380 verba
1075 1335 1274 1379 Aristot.
1316 1349 1370 1376 π.
1408 1332 1636 1388 ποιητοὸε
1691 1334 1755 1385 τῷ

202 1413 281 1469 (sic
312 1412 391 1455 viri
425 1412 537 1454 docti
571 1424 647 1464 pro
681 1409 750 1463 τὸ)
801 1409 850 1452 δὲ
891 1408 943 1451 τὸ
975 1409 1142 1462 μέτρον
1176 1405 1352 1448 ἁπλοῦν
1385 1404 1524 1458 ἔχειν
1555 1404 1642 1445 καὶ
1675 1402 1756 1444 ἀπ-

205 1482 412 1537 αγγελίαν
453 1482 568 1524 εἶναι
600 1482 742 1536 ταύτῃ
777 1480 1081 1534 διαφέρουσιν.
1146 1478 1294 1521 Sermo
1330 1480 1395 1518 est
1428 1476 1479 1517 de
1512 1475 1757 1517 discrimine

202 1556 314 1597 inter
368 1555 489 1608 epica
541 1554 730 1596 carmina
784 1553 897 1606 quod
948 1550 1190 1593 intercedat
1233 1553 1276 1590 et
1328 1549 1443 1589 inter
1495 1546 1756 1599 tragoedias.

203 1626 323 1676 Quod
370 1629 513 1667 autem
577 1625 662 1666 illis
713 1624 853 1667 verbis
902 1623 1070 1674 dicitur,
1136 1620 1316 1673 simplex
1363 1619 1523 1660 habere
1572 1621 1756 1659 metrum

204 1700 246 1738 et
278 1709 372 1739 esse
405 1697 707 1746 narrationem,
749 1695 793 1736 id
826 1695 879 1736 ad
910 1706 1038 1735 unam
1071 1692 1260 1745 pertinet
1292 1694 1428 1732 artem
1464 1690 1640 1742 epicam,
1674 1700 1759 1729 non

204 1769 258 1810 ad
303 1768 549 1820 tragoedias
598 1770 642 1809 et
689 1767 811 1820 epica
844 1765 1045 1807 carmina.
1109 1764 1165 1805 At
1197 1763 1240 1804 id
1271 1761 1378 1815 ipsis
1411 1761 1583 1802 traditis
1616 1759 1758 1802 verbis

204 1852 288 1881 non
320 1838 497 1880 habebis
531 1850 792 1890 expressum,
825 1837 908 1878 nisi
940 1837 1052 1877 inter
1074 1834 1205 1876 verba
1227 1832 1341 1887 ἔχειν
1364 1837 1407 1874 et
1429 1832 1503 1873 καὶ
1524 1830 1759 1873 inserueris

206 1909 429 1962 ἐκείνην.
492 1909 653 1951 Eadem
701 1907 933 1950 offensione
982 1906 1190 1948 adductus
1241 1903 1493 1957 Spengelius
1526 1904 1588 1944 ita
1618 1902 1759 1944 locum

204 1982 431 2035 proposuit
468 1980 735 2022 mutandum:
784 1978 961 2020 ἁπλοῦν
1010 1977 1124 2031 ἔχειν
1171 1977 1246 2017 καί
1279 2011 1287 2019 .
1321 2010 1328 2016 .
1356 2010 1398 2018 ..
1440 1974 1609 2027 ταύτην
1642 1973 1761 2024 (libri

208 2053 408 2095 exhibent
439 2052 598 2105 ταύτη)
634 2049 938 2104 διαφέρουσιν.
988 2049 1084 2100 Qui,
1121 2052 1169 2089 ut
1200 2059 1434 2100 pronomen
1456 2045 1627 2097 ταύτην
1645 2048 1760 2087 recte

208 2123 442 2166 referretur
461 2123 513 2164 ad
537 2124 699 2176 epicam
723 2126 872 2173 artem,
895 2134 978 2163 non
1002 2120 1056 2162 ad
1078 2119 1357 2171 tragoediam,
1382 2118 1423 2158 in
1447 2117 1569 2158 initio
1593 2119 1762 2157 antece-

208 2195 349 2237 dentis
397 2194 608 2236 enuntiati
654 2194 801 2236 verba:
852 2193 879 2246 ἡ
919 2191 1002 2245 μὲν
1051 2189 1131 2232 οὗν
1171 2190 1383 2231 ἑποποιία
1430 2190 1485 2241 τῇ
1533 2185 1761 2240 τραγωδίᾳ

210 2302 218 2310 .
240 2299 248 2308 .
269 2299 277 2308 .
299 2299 307 2308 .
330 2264 661 2319 ἠκολούθησεν,
695 2264 864 2306 etiamsi
886 2277 983 2314 non,
1008 2266 1055 2304 ut
1077 2263 1170 2314 ipse
1192 2262 1265 2311 ait,
1290 2260 1342 2301 de
1364 2258 1590 2312 temporali
1615 2259 1761 2300 ordine

211 2337 498 2390 cogitavisset,
522 2337 583 2378 ita
605 2339 772 2378 mutare
793 2335 1018 2376 verborum
1043 2333 1233 2375 ordinem
1259 2334 1502 2383 cogeretur:
1526 2329 1553 2382 ἡ
1576 2329 1659 2382 μὲν
1682 2327 1763 2370 οὖν

211 2406 438 2459 τραγῳδία
455 2410 510 2460 τῇ
529 2406 740 2459 ἐποποιίᾳ
757 2403 1086 2459 ἠκολούθησεν.
1122 2403 1237 2453 Quae
1255 2403 1436 2444 mutatio
1454 2401 1578 2442 nimis
1598 2401 1764 2454 digredi

211 2477 380 2519 videtur
412 2490 437 2519 a
470 2478 658 2520 codicum
693 2478 920 2530 scriptura.

330 2549 450 2590 Duae
482 2562 606 2591 voces
639 2549 753 2590 inter
785 2549 1055 2591 scribendum
1088 2547 1129 2588 in
1164 2558 1289 2588 unam
1324 2545 1533 2587 coaluisse
1565 2544 1764 2585 videntur

211 2620 255 2661 in
288 2618 454 2662 Galeni
477 2631 529 2660 π.
554 2626 609 2672 ψ.
633 2633 685 2661 π.
709 2619 779 2663 IX
801 2620 873 2663 49.
938 2620 1019 2662 Ubi
1070 2618 1256 2660 Galenus
1304 2618 1355 2659 de
1402 2617 1533 2658 nimia
1579 2615 1765 2657 habendi

214 2691 448 2744 cupiditate
482 2703 716 2744 exponens:
768 2692 829 2732 Tu
861 2691 1044 2744 quidem,
1079 2690 1230 2742 inquit,
1266 2689 1301 2730 si
1336 2688 1647 2741 contemplatus
1681 2686 1764 2728 eris

214 2763 324 2804 cives
373 2766 542 2804 nostros
591 2775 747 2815 omnes,
798 2776 880 2805 non
914 2762 1070 2804 multos
1104 2761 1294 2803 invenies
1327 2764 1370 2802 te
1404 2760 1592 2811 ditiores,
1626 2760 1688 2800 ita
1719 2761 1767 2800 ut
