2039 3188
892 152 948 192 33

141 272 304 316 diebus'
340 270 613 323 referantque
647 281 740 311 eam
771 269 989 311 notionem
1018 269 1072 311 ad
1094 267 1367 322 λυχνοκαΐαν
1389 269 1694 323 Aegyptiorum

141 343 366 399 (Herodot.
398 339 549 396 1162),
598 351 676 392 ego
725 339 896 392 quidem
942 340 1099 383 nescio.
1162 340 1316 382 Vocem
1362 340 1472 382 enim
1506 341 1691 382 ‘lumina'

79 446 85 451 .
142 427 221 467 pro
256 413 391 456 ‘oculi’
439 412 623 465 positam
655 410 847 452 videmus
880 423 973 452 cum
1006 411 1113 452 alias
1146 423 1274 463 saepe
1306 414 1396 452 tum
1427 411 1471 452 in
1503 411 1694 454 eiusdem

144 497 269 527 carm.
305 497 343 527 v.
369 484 445 524 30:
495 482 562 524 ‘ut
607 482 725 524 tristi
771 481 934 523 lumina
981 493 1109 533 saepe
1155 481 1316 524 manu'.
1377 483 1436 523 At
1481 495 1559 535 pro
1592 495 1693 525 voce

144 555 261 597 ‘dies'
310 565 520 607 nusquam
567 565 658 595 eam
706 553 878 605 repperi
915 555 1176 605 usurpatam.
1243 552 1379 602 Quid?
1427 565 1520 595 cum
1568 558 1695 596 antea

139 636 317 667 munera
337 624 555 678 postulata
577 624 663 666 sint
684 623 737 665 ab
762 624 836 676 eiS,
868 636 977 676 quae
999 626 1141 665 casto
1165 626 1316 676 petant
1336 625 1431 666 iura
1454 624 1596 676 cubili,
1628 637 1694 666 re-

140 697 253 738 iecta
276 696 329 738 ab
352 696 426 747 eis,
451 707 560 748 quae
583 695 748 748 impuro
771 694 983 736 adulterio
1007 706 1052 735 se
1075 694 1283 746 dederint,
1308 708 1446 737 nonne
1463 696 1694 738 verisimile

141 771 207 809 est
240 766 456 809 Catullum
502 767 582 808 hoc
629 777 796 819 quoque
828 766 920 807 loco
960 765 1184 818 scripsisse
1217 766 1397 807 ‘castis
1429 766 1692 819 luminibus’,

140 841 191 878 ut
222 837 492 889 praedicaret
523 836 750 878 Berenices
784 836 1055 878 castitatem?

258 908 394 960 ven-g.
418 906 528 950 Aen.
552 907 595 948 11
628 919 668 950 v.
692 906 877 959 557sqq.
910 907 972 948 ita
1003 907 1203 959 leguntur
1236 906 1279 948 in
1313 907 1590 950 editionibus:

842 978 959 1019 Iacet
991 979 1142 1030 ingens
1174 977 1302 1019 litore
1335 982 1510 1021 truncus

283 1048 569 1101 Avolsumque
603 1048 760 1090 umeris
794 1052 922 1101 caput
955 1053 998 1091 et
1029 1049 1120 1091 sine
1152 1049 1322 1090 nomine
1356 1062 1521 1102 corpus.

259 1119 419 1161 Narrat
452 1121 619 1162 Aeneas
666 1131 760 1161 sese
797 1120 957 1162 vidisse
989 1120 1149 1161 Priami
1181 1124 1376 1163 mortem.
1441 1120 1693 1163 Consedisse

141 1189 357 1232 Priamum
389 1189 503 1233 ferro
537 1191 719 1232 cinctum
751 1203 835 1232 una
869 1203 961 1232 cum
983 1191 1159 1233 Hecuba
1192 1191 1342 1233 mediis
1374 1192 1417 1232 in
1441 1192 1616 1234 aedibus
1640 1193 1694 1235 ad

142 1272 261 1301 aram
286 1262 519 1314 penatium,
545 1273 636 1303 cum
653 1261 817 1303 Polites
839 1261 952 1303 filius
975 1274 999 1303 a
1016 1261 1178 1315 Pyrrho
1202 1261 1374 1314 fugatus
1397 1275 1446 1305 ac
1468 1275 1693 1316 percussus

140 1334 241 1372 ante
288 1332 404 1384 ipsos
453 1336 679 1384 parentum
728 1333 872 1374 oculos
906 1336 1135 1375 corrueret.
1203 1333 1307 1374 Tum
1339 1333 1500 1375 imbelli
1532 1334 1618 1376 telo
1651 1336 1693 1376 in

136 1401 213 1443 filii
261 1414 555 1454 percussorem
604 1403 794 1445 coniecto
841 1416 985 1446 senem
1032 1404 1086 1446 ab
1134 1404 1281 1446 eodem
1328 1405 1382 1447 ad
1414 1406 1508 1457 ipsa
1539 1405 1694 1448 altaria

135 1476 320 1515 tractum
367 1473 691 1527 lapsantemque
737 1474 780 1516 in
828 1475 961 1517 multo
999 1475 1089 1517 nati
1132 1476 1338 1528 sanguine
1371 1488 1464 1518 esse
1497 1477 1691 1520 occisum.

136 1543 243 1584 Eum
282 1543 413 1586 fuisse
455 1545 613 1586 exitum
652 1545 780 1597 illius,
829 1547 900 1599 qui
934 1546 1103 1588 Troiam
1135 1547 1314 1588 vidisset
1346 1548 1559 1590 iucensam
1591 1548 1693 1591 Per-

139 1626 345 1667 gamaque
367 1615 583 1668 prolapsa,
618 1619 683 1658 tot
706 1617 916 1669 quondam
938 1617 1109 1670 populis
1132 1618 1344 1671 terrisque
1368 1618 1541 1671 superbi
1565 1619 1692 1660 Asiae

136 1685 391 1738 regnatoris.
454 1686 544 1727 Iam
591 1690 829 1740 sequuntur
876 1700 1024 1730 versus
1072 1688 1148 1740 illi,
1198 1701 1302 1742 quos
1350 1702 1480 1742 supra
1514 1702 1693 1732 comme-

137 1757 409 1799 moravimus.
468 1757 526 1799 At
558 1771 657 1799 num
689 1759 920 1801 verisimile
955 1763 1019 1802 est
1051 1759 1259 1813 Pyrrhum
1294 1773 1444 1813 corpus
1477 1761 1692 1803 interfecti

138 1825 298 1868 Priami
351 1840 485 1881 usque
543 1830 597 1871 ad
651 1829 754 1872 litus
807 1831 990 1873 traxisse
1043 1831 1186 1885 ibique
1242 1831 1284 1872 id
1337 1832 1495 1874 vidisse
1542 1836 1693 1885 postea

138 1899 355 1940 Aeneam?
415 1899 551 1949 Quid?
602 1901 769 1943 Aeneas
807 1914 1003 1954 pugnans
1044 1902 1095 1944 de
1136 1914 1324 1945 summae
1363 1903 1473 1945 arcis
1505 1902 1692 1956 fastigiis

137 1968 207 2022 (cf.
251 1982 289 2012 v.
320 1970 405 2011 457
424 1970 533 2024 sqq.)
581 1984 720 2014 nonne
767 1972 867 2015 inde
913 1973 1057 2025 potius
1108 1974 1377 2026 conspexerit
1409 1986 1562 2027 corpus
1595 1987 1691 2027 pro-

137 2043 320 2082 stratum
369 2041 423 2083 ad
470 2054 600 2095 aram,
649 2055 759 2096 quae
805 2044 978 2096 quidem
1012 2047 1105 2087 erat
1135 2045 1248 2086 nudo
1282 2045 1359 2087 sub
1393 2045 1581 2088 aetheris
1614 2057 1692 2087 axe

138 2110 207 2163 (cf.
232 2125 270 2153 v.
291 2112 424 2164 512)‘.>
457 2112 591 2166 Adde,
614 2115 728 2167 quod
749 2115 833 2156 iam
857 2114 995 2157 Servii
1017 2115 1302 2168 suspicionem
1323 2116 1492 2157 videtur
1509 2117 1692 2159 movisse

139 2194 220 2223 vox
253 2182 420 2224 ‘litore'.
487 2184 565 2234 Qui
599 2185 711 2238 quod
744 2185 980 2238 Vergilium
1013 2187 1117 2228 illud
1152 2187 1255 2228 dicit
1286 2187 1538 2240 respexisse,
1580 2188 1691 2241 quod

140 2253 183 2294 in
232 2252 405 2296 Pacuvii
451 2255 676 2308 tragoedia
721 2258 903 2310 quadam
951 2258 1170 2311 legeretur
1216 2258 1389 2300 ‘Priami
1438 2270 1589 2311 corpus
1637 2259 1691 2300 ad

139 2323 242 2366 litus
275 2325 488 2377 tractum’‚
522 2326 741 2369 immemor
774 2332 840 2370 est
870 2341 1018 2371 versus
1042 2331 1141 2382 561,
1176 2342 1258 2382 quo
1283 2330 1386 2372 dicit
1407 2330 1574 2371 Aeneas
1597 2341 1691 2371 sese

139 2394 335 2438 vidisse
382 2408 525 2450 regem
573 2398 703 2440 vitam
751 2399 1033 2443 exhalantem.
1096 2401 1157 2442 Ac
1203 2413 1256 2442 ne
1305 2401 1488 2443 alterum
1521 2400 1690 2453 quidem

140 2464 245 2506 illud
283 2467 458 2520 probari
490 2472 646 2522 potest,
688 2471 801 2523 quod
833 2471 1005 2514 Servius
1038 2471 1140 2513 litus
1173 2475 1247 2513 aut
1279 2471 1570 2524 accipiendum
1605 2471 1691 2512 exi-

140 2536 287 2578 stimat
318 2549 395 2590 pro
428 2539 532 2591 solo,
551 2543 599 2582 ut
630 2539 651 2581 I
674 2541 777 2582 225:
813 2541 1041 2595 ‘litoraque
1073 2545 1116 2583 et
1143 2542 1254 2584 latos
1277 2541 1485 2594 populos’,
1518 2545 1592 2584 aut
1614 2542 1688 2594 ita,

141 2610 189 2648 ut
211 2609 409 2650 ostendat
430 2614 595 2652 vastum
618 2611 702 2653 iam
726 2624 818 2655 esse
835 2612 952 2664 litus,
975 2612 1048 2654 ubi
1070 2612 1211 2655 fuerat
1229 2613 1368 2665 Troia,
1391 2617 1439 2655 ut
1455 2613 1519 2654 III
1540 2614 1613 2656 11:
1633 2615 1692 2655 ‘et

139 2690 323 2731 campos,
358 2680 430 2721 ubi
456 2680 582 2723 Troia
612 2681 723 2725 fuit’.
768 2682 929 2726 Censeo
964 2684 1157 2737 equidem
1180 2684 1416 2737 Vergilium
1448 2696 1530 2726 non
1554 2685 1688 2738 scrip-

141 2749 248 2791 sisse
281 2749 434 2793 ‘litore'
469 2752 544 2793 sed
577 2751 814 2806 ‘limine',
849 2755 938 2796 sive
971 2755 1105 2808 ipsius
1128 2767 1229 2797 arae
1252 2755 1379 2797 limen
1403 2755 1690 2809 intellegimus

210 2818 602 2854 Kgl.Luieengymnasium.
642 2824 719 2850 1905.
1432 2826 1453 2860 3
