2039 3188
1030 191 1086 231 26

276 311 385 352 dane
433 308 490 349 sit
535 318 662 348 causa
709 306 863 348 silendi
911 318 1037 359 quam
1085 305 1278 359 possitne
1316 304 1515 357 cognosci
1554 315 1602 344 ac
1635 303 1833 356 perspici.

275 380 426 431 Itaque
437 377 580 428 legere
591 375 735 417 malim
754 375 870 417 ἑπιν
882 389 904 417 ο
916 378 1092 428 οὗμεν.
1128 375 1344 428 Originem
1359 378 1500 416 autem
1515 372 1696 416 forsitan
1710 373 1838 415 duxe-

275 451 333 491 rit
353 447 594 499 corruptela
609 458 660 487 ex
679 445 1073 502 verboge’smwefoecg
1090 446 1217 499 paulo
1234 445 1410 488 inferius
1429 445 1561 487 oculis
1576 447 1837 488 occurrente.

394 518 441 559 In
502 515 602 559 Gal.
661 515 880 571 π.ψυχῆς
933 515 1101 571 ἁμαρτ.
1149 515 1215 558 VI
1245 517 1298 557 98
1355 528 1418 567 ea,
1473 527 1580 568 quae
1635 514 1837 568 legimus:

284 588 432 630 Ταῦτα
465 586 549 639 μὲν
582 584 676 637 οὖν,
727 584 856 639 ἔφην,
892 585 1147 639 εἰρῆσθαι
1179 589 1308 639 κοινῇ
1339 585 1455 637 πρὸς
1487 584 1705 637 ἅπαντας,
1755 583 1841 626 ὅσα

277 659 520 711 προπετῶς
554 655 899 710 ἀναφαίνονται,
933 656 1103 698 omnino
1152 656 1347 709 intellegi
1387 669 1470 698 non
1503 659 1718 708 poterunt,
1755 656 1838 698 nisi

280 728 516 771 correxeris
565 725 819 779 εἰρήσθω.
899 727 1018 769 Idem
1067 729 1178 783 περὶ
1224 726 1309 780 τῆς
1356 725 1431 782 ἀρ.
1481 729 1661 768 διόασκ.
1695 726 1836 769 1145:

281 798 544 849 ‘Carneadis,
578 797 730 850 inquit,
765 797 881 839 dicta
913 798 1048 839 multa
1082 802 1181 839 sunt
1213 801 1385 840 servata
1417 797 1470 839 ab
1505 798 1595 839 eius
1619 797 1840 850 discipulis

278 870 321 910 in
354 869 560 921 librisque
594 867 874 920 accumulata,
901 881 1038 921 neque
1072 872 1215 910 autem
1248 869 1360 910 ratio
1385 868 1645 911 dissolvendi
1667 867 1841 910 inventa

282 943 348 982 est
395 942 470 980 aut
518 939 571 981 ab
615 938 678 980 eis
721 942 797 980 aut
840 951 865 980 a
890 952 1109 993 ⁴quoquam
1143 952 1301 992 eorum,
1350 939 1422 993 qui
1454 942 1553 992 post
1583 939 1702 980 illum
1735 939 1841 980 Aca-

283 1010 449 1053 demiae
484 1013 608 1051 erant
639 1010 842 1052 asseclae.
893 1011 950 1052 At
981 1023 1083 1052 vero
1117 1010 1286 1053 etiamsi
1318 1010 1425 1052 nihil
1458 1010 1587 1062 aliud,
1621 1009 1728 1052 illud
1750 1010 1842 1062 qui-

281 1083 374 1124 dem
408 1080 501 1133 ipse
534 1080 750 1132 indicavit,
787 1082 1050 1134 σοφίσματα
1084 1094 1134 1123 ea
1167 1093 1273 1123 esse.
1322 1081 1475 1134 Itaque
1508 1080 1754 1134 quaerenda
1776 1084 1843 1123 est
1883 1115 1886 1118 ⁴

281 1164 427 1194 eorum
472 1151 718 1193 dissolutio:
768 1149 1023 1205 Μοχθηρὸν
1056 1152 1140 1204 μὲν
1172 1151 1256 1204 γὰρ
1289 1154 1442 1205 τοῦτο,
1492 1151 1772 1204 δικαιότερον
1805 1150 1842 1193 δ’

282 1221 407 1275 ὅμως
456 1221 515 1263 οὐ
555 1222 856 1275 πεποιήκασιν
890 1223 931 1263 οἱ
962 1222 1224 1276 γράψαντες
1255 1223 1340 1276 μὲν
1373 1221 1553 1274 αὐτούς,
1601 1221 1664 1275 μὴ
1699 1220 1843 1275 ὂήλώ-

281 1305 441 1344 σαντες
483 1291 520 1334 δ’
570 1292 691 1346 ὑμῖν,
741 1292 894 1335 ὁποῖοί
941 1293 1058 1345 τινές
1106 1294 1227 1335 εἰσιν.
1292 1293 1535 1335 Carneades
1568 1293 1701 1346 igitur
1732 1294 1846 1346 quod

282 1365 370 1406 suis
403 1377 647 1417 proponens
681 1377 749 1406 res
784 1365 987 1417 expeditu
1020 1363 1215 1406 difficiles
1250 1365 1511 1418 σοφίσματα
1535 1376 1585 1406 ea
1608 1376 1701 1406 esse
1725 1364 1843 1416 dixit,

284 1435 511 1477 molestum
559 1435 666 1477 illud
714 1436 884 1488 quidem
934 1439 1011 1477 est.
1075 1435 1228 1477 Nonne
1267 1436 1352 1477 iam
1384 1435 1490 1477 haec
1523 1438 1843 1487 exspectantur:

288 1506 504 1547 ‘Attamen
528 1507 745 1559 aequius
771 1510 901 1557 erat,
927 1519 1075 1559 quam
1100 1507 1230 1560 quod
1256 1507 1301 1547 ei
1323 1505 1584 1557 fecerunt,
1609 1506 1680 1558 qui
1699 1506 1847 1548 eadem

281 1576 402 1618 vobis
435 1577 659 1618 traderent
690 1589 828 1630 neque
862 1577 1082 1619 adicerent
1115 1577 1359 1630 quidquam,
1394 1590 1478 1630 qua
1510 1578 1678 1620 ratione
1702 1580 1846 1619 essent

285 1647 605 1689 dissolvenda’?
658 1648 780 1690 Hanc
802 1652 946 1690 autem
977 1649 1236 1691 sententiam
1270 1647 1502 1691 efficiemus
1535 1660 1620 1690 una
1651 1660 1754 1690 voce
1787 1647 1847 1690 οὐ

286 1722 385 1760 ante
408 1719 708 1771 πεποιήκασιν
730 1722 898 1761 mutata
920 1719 961 1761 in
986 1717 1047 1761 οὗ
1070 1719 1162 1761 coll.
1190 1732 1253 1772 cp.
1277 1719 1337 1761 lV
1363 1720 1437 1760 50:
1464 1717 1605 1770 εὐθὺς
1628 1717 1676 1760 δὲ
1699 1717 1846 1771 δήπου

284 1789 357 1829 καὶ
390 1788 498 1840 τοὺς
532 1788 643 1830 ἄλλο
677 1802 719 1831 τι
750 1788 966 1842 λέγοντας
1000 1788 1074 1831 ὧν
1107 1788 1246 1842 εὗρες,
1282 1789 1474 1842 ἑτοίμως
1506 1792 1724 1842 γνωριεῖς.

406 1859 523 1901 Idem
556 1861 597 1901 in
636 1860 878 1914 Protrept.
910 1860 1037 1903 XIII
1059 1860 1115 1904 33
1166 1873 1250 1911 eos,
1305 1861 1376 1913 qui
1412 1861 1621 1913 imprimis
1659 1860 1848 1913 corporis

288 1930 524 1971 valetudini
558 1932 760 1974 studeant
793 1945 929 1984 neque
961 1932 1091 1973 ullam
1115 1931 1400 1984 profiteantur
1424 1934 1575 1984 artem,
1609 1931 1663 1973 ad
1685 1930 1849 1972 nullum

291 2001 460 2042 omnino
494 2003 713 2054 negotium
747 2003 855 2044 bene
889 2015 983 2045 esse
1016 2006 1140 2055 aptos
1175 2002 1465 2054 compluribus
1499 2002 1701 2054 deinceps
1725 2001 1849 2043 docet

289 2071 723 2123 interrogationibus:
774 2073 875 2122 ‘Qui
909 2073 1113 2125 corporis,
1158 2073 1308 2125 inquit,
1349 2072 1493 2114 robori
1527 2073 1715 2124 student,
1749 2084 1849 2114 num

294 2153 344 2182 ea
376 2141 470 2193 ipsa
504 2146 553 2183 de
588 2155 715 2184 causa
749 2148 849 2185 sunt
880 2143 1022 2185 idonei
1057 2144 1110 2185 ad
1143 2155 1293 2196 agrum
1318 2143 1571 2185 colendum?
1603 2140 1735 2183 Πάνυ
1767 2141 1850 2195 μὲν

292 2208 372 2251 οὖν
405 2210 586 2263 καλῶς
616 2212 643 2265 ἢ
680 2214 893 2255 σκάπτειν
925 2212 952 2266 ἢ
987 2213 1181 2266 θερίζειν
1212 2213 1240 2267 ή
1275 2213 1416 2267 ἀροῦν
1447 2212 1475 2265 ἤ
1509 2226 1549 2254 τι
1580 2215 1674 2255 τῶν
1697 2211 1850 2253 ἄλλων

291 2283 385 2322 τῶν
417 2281 532 2322 κατὰ
564 2285 781 2335 γεωργίαν
816 2283 1044 2326 (δύνανται.
1107 2286 1164 2326 At
1195 2284 1377 2326 forsitan
1411 2285 1497 2326 sint
1529 2285 1620 2336 apti
1652 2284 1706 2325 ad
1738 2283 1850 2325 bella

293 2352 510 2404 gerenda?
541 2352 789 2405 Euripidem
824 2368 923 2396 vero
958 2356 1107 2397 audias
1139 2356 1245 2397 haec
1267 2355 1533 2409 loquentem:
1572 2355 1706 2402 „Num
1736 2355 1851 2397 bella

292 2435 486 2475 pugnare
520 2427 723 2475 poterunt
756 2425 894 2467 discos
928 2426 970 2466 in
1004 2427 1198 2468 manibus
1231 2427 1481 2468 tenentes?“
1547 2426 1612 2467 An
1645 2427 1851 2468 adversus

293 2497 438 2535 aestus
487 2499 584 2534 sunt
632 2493 764 2536 fortes
813 2500 855 2537 et
902 2495 1063 2549 frigora
1109 2497 1246 2548 ipsum
1288 2497 1552 2539 aemulantes
1594 2497 1850 2539 Herculem?

292 2565 439 2615 Immo,
489 2565 691 2606 adversus
725 2565 829 2607 haec
863 2567 1003 2607 onmia
1037 2566 1270 2608 infantibus
1305 2572 1404 2609 sunt
1438 2567 1692 2610 infirmiores
1724 2568 1848 2610 modo

294 2635 434 2676 natis'.
479 2635 560 2676 Hic
592 2639 823 2687 auctorem,
851 2648 942 2677 cuni
976 2638 1037 2678 ita
1068 2637 1225 2690 ubique
1258 2639 1529 2691 responderit
1562 2639 1615 2681 ad
1644 2651 1706 2693 ea,
1740 2650 1849 2691 quae

294 2707 386 2758 ipse
420 2708 721 2759 interrogaret,
762 2711 808 2748 ut
841 2719 930 2749 rem
963 2720 1137 2760 prorsus
1173 2721 1265 2750 esse
1299 2710 1459 2752 diceret
1492 2711 1763 2761 contrariam,
1797 2721 1849 2751 ne

295 2777 432 2828 primo
482 2777 652 2829 quidem
700 2778 791 2820 loco
841 2783 904 2821 est
952 2779 1182 2821 verisimile
1231 2781 1455 2833 scripsisse
1498 2780 1617 2822 πάνυ
1650 2779 1848 2833 καλῶς,
