2039 3188
1046 233 1101 274 22

294 352 475 395 amicum
498 349 664 392 salvere
693 348 868 391 iusserit
891 361 993 392 voce
1013 348 1182 401 ὑγίαινε
1205 361 1305 393 usus
1327 363 1404 404 pro
1424 353 1573 403 χαῖρε;
1612 347 1670 391 Τὸ
1692 349 1776 402 μὲν
1797 348 1854 402 δὴ

291 422 476 475 χαίρειν,
510 419 661 471 inquit,
697 417 860 471 ἀρχαία
891 418 974 472 μὲν
1006 419 1035 472 ἡ
1067 419 1435 473 προσαγόρευσις,
1471 420 1524 462 οὐ
1557 420 1648 473 μὴν
1682 418 1854 473 §comam

293 492 438 545 μόνον
471 487 577 530 οὐδὲ
608 488 698 529 ὑπὸ
731 488 814 541 τὴν
836 489 1022 550 πρώτη
1036 503 1062 530 ν
1084 488 1290 542 ἔντευξιν,
1330 489 1447 532 ἀλλὰ
1470 491 1544 532 καὶ
1565 492 1751 543 πρῶτον
1771 489 1858 543 μὲν

295 560 470 611 ἰδόντες
492 557 720 612 ἀλλήλους
742 558 894 612 ἔλεγον
918 558 1044 601 αὑτό.
1098 559 1191 602 Νοη
1224 560 1375 613 liquet,
1409 562 1509 614 quid
1536 561 1709 603 intersit
1741 560 1856 603 inter

294 631 478 684 primum
513 642 786 683 congressum
836 634 879 672 et
917 631 953 672 si
991 630 1065 683 qui
1096 631 1278 682 primum
1312 642 1407 673 sese
1441 631 1720 684 conspiciunt.
1783 629 1858 672 Ni-

295 701 450 743 mirum
498 701 617 752 prior
664 700 781 742 notio
816 701 870 742 ad
904 712 976 742 eos
1009 703 1193 753 spectat,
1244 701 1317 754 qui
1349 714 1475 744 mane
1508 701 1856 755 congrediuntur.

295 771 543 824 Legendum
568 771 699 822 igitur
721 769 812 811 ὑπὸ
832 770 914 823 τὴν
932 784 1047 823 πρω
1060 771 1146 812 ΐαν
1164 770 1371 824 ἔντευξιν.
1421 772 1603 815 Histor.
1623 771 1857 824 quomodo

296 842 526 884 conscrib.
545 841 599 882 10
621 844 766 882 monet
788 841 1013 892 Lucianus,
1039 854 1091 883 ne
1114 841 1156 882 in
1180 841 1363 883 historia
1387 841 1694 884 conscribenda
1711 843 1858 885 incun-

297 913 396 954 dum
443 912 580 965 pluris
618 912 871 954 aestimetur
903 924 1030 964 quam
1062 924 1221 953 verum.
1284 912 1426 964 Atque
1460 912 1589 953 etiam
1623 911 1730 954 illud
1763 925 1857 955 esse

296 983 470 1036 dignum
513 982 626 1034 quod
675 985 1043 1041 commemoretur,
1092 993 1144 1023 ne
1187 981 1416 1023 iucundum
1461 982 1631 1035 quidem
1672 983 1731 1024 ibi
1765 995 1860 1026 esse

295 1052 348 1094 τὸ
396 1050 558 1105 κομιδῇ
596 1049 813 1103 μυθῶδες
844 1051 920 1092 καὶ
950 1050 1003 1093 τὸ
1037 1053 1131 1093 τῶν
1164 1051 1364 1093 ἐπαίνων
1396 1050 1593 1104 μάλιστα
1625 1052 1858 1105 πρόσαν-

295 1136 381 1174 τες
414 1121 814 1175 παρ’ἑκάτερον
844 1125 960 1174 τοῖς
990 1121 1308 1172 ἀκούουσιν,
1341 1120 1398 1174 ἢν
1427 1122 1489 1176 μὴ
1520 1121 1601 1164 τὸν
1633 1122 1888 1177 συρφετὸν,

296 1194 372 1235 καὶ
402 1192 483 1234 τὸν
505 1191 652 1234 πολὺν
675 1191 820 1245 δῆμον
843 1192 1041 1247 ἐπινοῇς,
1077 1191 1195 1234 ἀλλὰ
1217 1191 1326 1244 τοὺς
1349 1191 1618 1245 δικαστικῶς
1640 1193 1860 1245 ἀκροασο-

295 1264 475 1316 μένους.
524 1263 656 1314 Haec,
691 1275 800 1316 quae
832 1264 959 1315 vulgo
993 1264 1236 1315 traduntur,
1272 1275 1367 1305 esse
1401 1267 1604 1317 corrupta
1626 1276 1765 1317 neque
1790 1277 1859 1306 ex-

297 1333 451 1387 plicari
500 1345 626 1386 posse
673 1333 937 1375 Fritzschius
992 1333 1096 1375 dicit
1144 1333 1229 1375 iam
1277 1334 1654 1393 Hemsterhusium
1701 1335 1859 1377 vidisse

298 1403 473 1458 (Anecd.
508 1417 548 1457 p.
576 1403 661 1459 59).
711 1403 839 1446 Suam
874 1408 1017 1446 autem
1051 1405 1144 1457 ipse
1177 1405 1334 1457 recipit
1366 1405 1656 1447 coniecturam
1685 1408 1783 1457 τοῖς
1804 1404 1861 1447 τὰ

298 1478 411 1527 παρ’
445 1474 671 1527 ἑκατέρων
705 1473 966 1516 ἀκούουσιν;
1019 1474 1174 1516 ‘Nimia
1212 1475 1306 1517 laus
1339 1487 1519 1528 magnae
1552 1475 1775 1519 offensioni
1807 1476 1860 1518 iis

300 1549 379 1598 est,
414 1546 486 1598 qui
518 1548 744 1598 utramque
776 1548 942 1597 partem
970 1547 1162 1597 audiunt,
1190 1546 1228 1587 h.
1249 1559 1284 1587 e.
1318 1547 1389 1598 qui
1413 1547 1592 1588 audiunt
1614 1547 1743 1589 etiam
1766 1558 1861 1588 con-

299 1616 447 1671 traria.
496 1615 644 1668 Neque
678 1616 789 1656 enim
821 1628 951 1656 unum
974 1616 1037 1657 illi
1060 1616 1325 1668 historicum,
1361 1617 1436 1658 sed
1458 1617 1605 1669 plures
1629 1607 1864 1660 audiebant

301 1687 352 1728 de
386 1686 499 1728 bello
532 1685 733 1728 Parthico
767 1686 1055 1728 disserentes.’
1106 1687 1162 1728 At
1194 1687 1378 1739 primum
1410 1688 1581 1740 quidem
1613 1688 1693 1730 hac
1725 1691 1863 1730 muta-

299 1757 417 1798 tione
449 1756 581 1798 nimia
614 1757 676 1798 vis
709 1756 893 1798 infertur
915 1757 1089 1799 traditis
1112 1757 1283 1800 litteris.
1333 1758 1467 1812 Adde,
1502 1759 1614 1811 quod
1635 1759 1861 1802 universus

301 1827 614 1870 sententiarum
649 1827 752 1869 ordo
788 1828 1082 1871 conturbatur.
1136 1828 1258 1879 Nam,
1294 1829 1366 1881 qui
1399 1827 1455 1869 τὰ
1486 1829 1598 1881 παρ’
1635 1828 1864 1882 ἑκατέρων

301 1898 494 1950 audiunt,
545 1898 683 1939 eidem
731 1902 831 1940 sunt
868 1902 998 1951 atque
1037 1899 1090 1950 ei,
1140 1899 1212 1951 qui
1246 1897 1514 1950 δικαστικῶς
1546 1897 1862 1952 ἀκροάσονται.

301 1970 454 2022 Itaque
503 1968 756 2010 alterutram
805 1969 1022 2011 notionem
1070 1981 1292 2011 removere
1341 1969 1520 2022 cogeris,
1571 1970 1654 2012 nisi
1701 1970 1863 2013 leviore

303 2039 600 2082 emendatione
648 2051 750 2081 usus
797 2040 946 2092 puncti
993 2040 1162 2093 signum
1209 2040 1405 2093 posueris
1444 2043 1545 2093 post
1585 2039 1783 2093 μάλιστα
1815 2053 1864 2083 ac

302 2123 430 2163 porro
456 2111 713 2153 correxeris:
736 2110 1040 2163 πρόσαντες
1063 2110 1158 2163 γὰρ
1183 2110 1455 2163 ἑκάτερον.
1506 2111 1596 2161 Quo
1619 2111 1732 2154 facto
1753 2112 1864 2154 hanc

305 2181 482 2223 habebis
531 2181 812 2224 sententiam:
863 2181 935 2223 ‘ne
983 2182 1214 2224 iucundum
1262 2182 1431 2235 quidem
1480 2186 1547 2224 est
1580 2186 1654 2224 aut
1685 2194 1863 2235 prorsus

303 2252 536 2304 mythicum
584 2256 659 2294 aut
707 2253 838 2294 nimia
883 2252 1094 2303 laudati03
1143 2264 1239 2294 nam
1281 2251 1503 2295 offensioni
1537 2256 1603 2294 est
1634 2256 1862 2306 utrumque

304 2322 591 2374 audientibus,
626 2323 662 2365 si
687 2323 856 2377 quidem
886 2335 971 2365 non
992 2326 1080 2365 tam
1103 2323 1256 2376 vulgus
1280 2335 1328 2365 ac
1351 2323 1669 2366 multitudinem
1692 2327 1863 2376 spectas

304 2406 430 2446 quam
465 2406 536 2435 eos
571 2394 643 2446 qui
676 2406 769 2436 cum
801 2394 958 2436 iudicio
992 2393 1199 2437 audiunt.'

423 2464 471 2505 In
519 2462 675 2506 Amor.
709 2463 767 2507 32
813 2464 1026 2507 Lucianus
1074 2468 1223 2506 narrat
1270 2476 1316 2506 se
1355 2464 1610 2506 collocutum
1644 2476 1738 2507 esse
1771 2476 1865 2506 cum

306 2534 501 2576 Charicle
535 2538 577 2576 et
610 2534 889 2577 Callicratida
917 2536 969 2578 de
994 2535 1163 2578 diverso
1187 2535 1343 2577 amoris
1367 2547 1523 2587 genere
1547 2540 1589 2577 et
1610 2534 1863 2577 feminarum

306 2609 349 2646 et
401 2606 593 2646 marium.
683 2605 900 2648 Charicles
961 2619 1054 2648 cum
1107 2605 1361 2648 feminarum
1420 2618 1607 2649 amorem
1666 2605 1865 2647 laudibus

307 2676 525 2727 extulerit,
584 2675 882 2719 Callicratides
938 2681 1085 2719 contra
1132 2677 1314 2718 marium
1364 2688 1550 2718 amorem
1599 2676 1866 2719 commenda-

305 2750 426 2786 turus
459 2747 640 2798 primum
675 2748 843 2799 quidem
879 2747 1100 2801 Cupidinis
1133 2748 1336 2801 implorat
1367 2748 1571 2789 auxilium
1602 2747 1668 2790 his
1700 2746 1864 2789 verbis:

304 2815 449 2867 μόνον
501 2816 609 2868 ἡμῖν
663 2817 729 2868 σύ,
785 2816 950 2871 δαῖμον
999 2818 1191 2871 οὐράνιέ,
1240 2820 1425 2871 καιρίως
1468 2816 1732 2870 magadam&
