2039 3188
888 167 939 206 15

135 285 283 335 cietur,
332 284 404 326 ubi
435 283 775 336 persuaserimus
822 283 944 325 nobis
994 282 1188 324 Tacitum
1220 282 1443 335 scripsisse
1477 283 1690 326 ‘civitati

133 355 295 408 legati
328 353 636 407 impetravere’.

251 425 300 467 In
319 425 444 467 Hist.
460 424 522 467 IV
541 423 587 466 71
607 425 779 466 Tacitus
801 428 951 466 narrat
966 423 1170 466 Petilium
1194 423 1414 466 Cerealem
1431 424 1687 477 Rigodulum

135 497 314 547 venisse,
347 508 471 548 quem
503 495 641 537 locum
673 507 827 548 magna
851 495 1131 537 Treverorum
1152 507 1280 536 manu
1302 495 1554 538 Valentinus
1576 497 1687 540 inse-

136 568 271 610 disset
303 566 516 608 montibus
549 570 624 607 aut
653 566 832 608 Mosella
864 578 987 608 amne
1019 570 1234 618 saeptum3
1270 569 1313 607 et
1344 566 1560 610 addidisse
1593 581 1689 611 eum

135 637 273 680 fossas
307 638 533 690 obicesque
565 649 775 680 saxorum.
842 637 954 689 ‘Nec‚
1003 637 1155 690 inquit,
1190 637 1439 679 deterruere
1472 650 1522 679 ea
1553 640 1689 681 muni-

135 713 280 750 menta
295 708 530 750 Romanum
551 709 699 750 ducem
809 711 955 762 spreto
977 707 1120 758 hoste3
1145 719 1269 760 quem
1287 711 1447 751 temere
1465 709 1688 752 collectum

135 779 248 820 haud
295 780 358 821 ita
405 780 495 821 loco
543 780 699 831 iuvari,
748 783 796 820 ut
842 792 925 821 non
972 778 1091 831 plus
1139 779 1245 821 suis
1278 779 1320 820 in
1353 780 1513 822 virtute
1545 780 1684 823 foret’.

135 850 358 892 Claudicat
390 851 631 893 sententiae
665 852 822 902 exitus3
872 863 969 892 nam
1003 850 1126 892 deest
1157 849 1378 902 genetivus
1410 851 1602 903 pendens
1635 864 1686 893 ex

137 922 424 974 comparativo
453 922 588 974 ‘plus’.
628 922 718 972 Qua
743 922 795 964 de
820 933 947 963 causa
969 925 1286 974 proposuerunt
1311 920 1504 963 Ritterus
1529 922 1688 965 adden-

138 994 235 1034 dum
261 993 452 1034 ‘roboris’
479 998 577 1034 ante
602 992 738 1034 ‘foret’
764 992 1013 1039 etHeraeus
1037 991 1267 1044 ‘praesidii’
1290 994 1365 1033 aut
1381 995 1481 1034 ante
1499 996 1580 1049 aut-A
1589 997 1689 1046 post

135 1062 287 1104 ‘foret’.
352 1066 408 1104 At
446 1063 551 1104 nihil
592 1064 751 1105 habent
791 1063 940 1104 auxilii
970 1063 1013 1104 in
1046 1062 1218 1104 traditis
1250 1062 1422 1105 litteris.
1486 1063 1688 1117 Suspicor

136 1146 214 1186 ego
248 1134 417 1186 quidem
449 1134 548 1176 olim
572 1135 777 1187 scriptum
799 1133 930 1176 fuisse
953 1134 1089 1186 ‘plus
1113 1133 1310 1175 salutis
1334 1134 1481 1186 suis'‚
1504 1135 1687 1177 mediam

134 1209 277 1246 autem
310 1218 455 1247 vocem
488 1206 539 1247 ob
572 1205 814 1247 litterarum
847 1205 1169 1247 similitudinem
1202 1216 1296 1246 esse
1329 1217 1591 1258 oppressam.

252 1275 301 1316 In
332 1274 472 1329 Apul.
496 1276 680 1318 Metam.
704 1276 766 1319 Vl
789 1275 815 1317 3
861 1275 1024 1329 Psyche
1071 1276 1271 1316 maritum
1318 1275 1408 1317 dies
1455 1280 1686 1330 noctesque

134 1357 343 1397 quaerens
375 1345 518 1388 fanum
551 1347 716 1389 sollerti
747 1346 908 1388 fabrica
941 1349 1202 1389 exstructum
1240 1347 1449 1400 prospicit
1488 1352 1530 1390 et
1554 1349 1687 1390 sacris

133 1415 295 1458 foribus
343 1418 679 1470 appropinquat:
745 1418 887 1460 ‘Videt
929 1419 1040 1459 dona
1075 1417 1267 1470 pretiosa
1299 1422 1343 1459 et
1374 1418 1550 1461 lacinias
1583 1432 1686 1462 auro

133 1487 348 1529 litteratas
382 1489 511 1530 ramis
545 1489 743 1531 arborum
775 1488 1057 1542 postibusque
1080 1487 1267 1540 suffixas,
1301 1502 1410 1541 quae
1433 1501 1525 1531 cum
1549 1492 1688 1543 gratia

134 1558 235 1600 facti
254 1571 404 1600 nomen
425 1560 568 1612 deae,
588 1561 652 1601 cui
670 1560 841 1602 fuerant
863 1560 1017 1611 dicata,
1042 1560 1344 1602 testabantur’.
1368 1560 1530 1602 Nomen
1548 1562 1688 1614 ipsum

134 1630 239 1671 deae
287 1642 379 1672 cum
427 1630 494 1672 hic
541 1643 624 1672 non
659 1635 1022 1682 commemoretur,
1061 1631 1225 1683 Psyche
1268 1634 1410 1673 autem
1454 1644 1547 1673 eam
1588 1645 1687 1686 pro-

134 1701 249 1741 tinus
298 1701 506 1753 appellet:
557 1702 718 1754 ‘Magni
765 1702 876 1744 Iovis
927 1714 1129 1754 germana
1178 1706 1220 1744 et
1267 1703 1458 1756 coniuga’
1494 1704 1687 1756 suspicor

136 1772 342 1824 scriptum
374 1771 505 1814 fuisse
539 1773 777 1825 de(oru1n
811 1772 1060 1828 regin)ae.

880 1902 934 1945 II.

255 1984 378 2025 Locis
413 1985 551 2027 adhuc
598 1986 872 2038 perlustratis
923 1986 1106 2038 genuina
1153 1985 1410 2038 scriptorum
1457 1987 1588 2029 verba
1626 1987 1688 2030 ita

134 2054 387 2096 videbantur
432 2056 597 2108 vitiata,
648 2061 697 2098 ut
747 2061 822 2099 aut
869 2057 1062 2110 singulae
1102 2056 1273 2099 litterae
1307 2061 1382 2098 aut
1415 2061 1531 2100 totae
1564 2070 1687 2100 voces

135 2127 447 2169 omitterentur.
497 2128 604 2170 Sunt
636 2129 778 2180 etiam,
812 2129 884 2170 ubi
915 2129 1043 2170 alieni
1067 2128 1228 2181 aliquid
1251 2128 1435 2169 orationi
1457 2129 1687 2181 suspiceris

134 2196 353 2238 insertum.
394 2200 532 2251 Atque
564 2199 632 2241 hic
665 2212 832 2253 quoque
864 2199 1078 2252 proficisci
1103 2199 1233 2241 liceat
1255 2211 1280 2239 a
1302 2198 1523 2241 Luciano.
1558 2199 1686 2243 Cuius

134 2268 178 2309 in
211 2267 334 2310 Dial.
364 2268 491 2311 deor.
521 2269 566 2312 X
586 2270 607 2312 1
669 2270 782 2313 Iovis
824 2271 944 2312 iussu
976 2271 1207 2312 Alcmenen
1257 2270 1540 2322 compressuri
1572 2271 1685 2313 Mer-

138 2339 277 2380 curius
311 2344 428 2382 vetat
461 2340 600 2383 Solem
622 2354 699 2394 per
722 2347 811 2383 tres
834 2343 924 2384 dies
948 2342 1208 2392 illucescere,
1242 2345 1290 2382 ut
1312 2353 1396 2383 una
1417 2355 1500 2384 nox
1522 2342 1687 2384 oriatur

134 2409 348 2452 diuturna.
441 2412 529 2454 Soli
592 2416 735 2455 autem
796 2413 1096 2466 interroganti,
1159 2425 1300 2455 nonne
1362 2413 1486 2455 unius
1548 2414 1685 2455 noctis

134 2481 319 2532 spatium
351 2481 536 2525 sufficiat
567 2483 679 2526 Iovis
712 2486 863 2538 amori,
896 2485 1071 2526 deorum
1104 2484 1278 2526 nuntius
1308 2483 1413 2526 haec
1434 2486 1685 2537 respondet:

137 2549 378 2603 Οὐδαμῶς
427 2553 643 2608 τεχθῆναι
689 2556 771 2608 γάρ
819 2568 936 2596 τινα
984 2554 1053 2597 δεῖ
1100 2555 1148 2596 ἐκ
1196 2557 1276 2607 τῆς
1309 2553 1485 2607 ὁμιλίας
1517 2555 1686 2608 ταύτης

134 2622 274 2674 μέγαν
295 2623 369 2664 καὶ
382 2622 652 2666 πολύαθλον
668 2624 806 2669 θεόν·
841 2627 922 2668 Hic
940 2626 1150 2668 adiectiva
1166 2626 1306 2679 μέγαν
1324 2625 1398 2666 καὶ
1414 2624 1685 2667 πολύαθλον

134 2693 285 2734 melius
304 2695 616 2747 coniunguntur
633 2709 725 2738 cum
743 2697 834 2739 solo
852 2697 1100 2750 pronomine
1118 2710 1230 2748 τινα,
1251 2709 1344 2738 cum
1361 2708 1496 2738 novus
1513 2696 1686 2750 quidam

137 2767 179 2804 et
203 2764 338 2806 adhuc
365 2757 561 2808 insolitus
587 2766 851 2820 significetur
874 2772 1024 2821 partus
1041 2780 1179 2821 neque
1195 2767 1378 2810 hominis
1396 2779 1474 2810 nec
1490 2767 1572 2810 dei.
1606 2768 1685 2811 Ac-
