2039 3188
1004 156 1057 196 28

251 273 466 326 Sequitur,
537 276 584 313 ut
643 272 866 313 universus
920 284 1065 313 murus
1112 272 1245 314 multo
1299 273 1427 314 etiam
1462 274 1645 316 crassior
1678 274 1808 317 fuerit

250 355 375 396 quam
410 342 694 394 quadraginta
730 341 875 394 pedes.
943 341 1054 382 Mira
1093 343 1284 394 profecto
1307 356 1522 385 murorum
1547 345 1803 388 crassitudo!

248 413 438 464 Accedit,
489 413 600 464 quod
649 412 811 453 duobus
859 412 966 453 locis
1014 413 1228 455 revinctas
1275 412 1406 456 fuisse
1440 415 1586 456 trabes
1621 415 1807 458 directas

249 483 407 525 Caesar
450 483 570 533 dicit;
620 495 715 523 nam
765 483 806 523 in
856 482 977 524 initio
1013 483 1166 535 capitis
1206 496 1299 526 cum
1332 484 1437 526 haec
1471 489 1658 527 exstent:
1696 486 1803 528 ‘Hae

248 552 428 606 (trabes)
462 552 754 594 revinciuntur
787 553 999 595 introrsus
1034 557 1076 596 et
1109 554 1242 596 multo
1272 567 1430 608 aggere
1452 556 1719 608 vestiuntur',
1754 556 1808 598 ad

246 624 425 665 alteram
459 623 658 664 nimirum
691 624 997 666 revinctionem
1041 637 1219 677 eamque
1253 626 1500 667 interiorem
1532 626 1641 668 haec
1674 627 1806 669 verba

247 697 456 746 spectant,
477 694 529 734 ad
549 693 729 735 alteram
749 706 798 736 ea
817 706 925 747 quae
944 696 985 736 in
1004 694 1088 736 fine
1108 696 1260 748 capitis
1279 696 1492 748 leguntur.
1519 697 1620 738 Tam
1640 709 1806 739 crassos

247 765 380 816 igitur
416 777 560 806 muros
600 777 625 805 a
657 765 792 807 Gallis
827 778 919 807 esse
954 770 1194 808 exstructos
1229 779 1322 808 cum
1355 767 1424 808 vix
1456 767 1586 809 liceat
1617 768 1804 820 credere,

247 847 468 876 numerum
499 835 643 887 ‘pedes
665 835 752 876 XL'
789 839 1035 889 corruptum
1057 838 1110 878 ad
1134 849 1210 879 nos
1233 838 1482 890 pervenisse
1505 838 1806 890 suspicandum

247 909 324 948 est.
388 906 449 947 Ac
496 906 604 958 vide,
654 918 781 959 quam
830 907 954 948 facile
999 919 1201 950 numerus
1233 907 1309 949 XL
1343 908 1446 949 oriri
1478 908 1619 960 potuit
1651 921 1701 950 ex
1731 908 1806 950 XI.

245 976 485 1018 Undecim
517 977 676 1028 pedes
700 977 895 1030 priorem‘
913 978 1066 1020 seriem
1090 978 1276 1020 trabium
1299 979 1626 1021 revincientium
1649 978 1808 1022 afuisse

246 1059 271 1088 a
288 1046 428 1088 fronte
445 1047 555 1088 muri
573 1047 679 1088 nihil
698 1060 801 1090 sane
818 1048 951 1090 habet
976 1049 1089 1091 miri.
1124 1049 1352 1091 Stabilitur
1375 1053 1518 1092 autem
1544 1050 1700 1102 opinio,
1723 1063 1808 1103 qua

246 1129 519 1158 numerorum
569 1118 940 1161 conturbationem
990 1131 1085 1162 esse
1131 1119 1289 1162 factam
1322 1124 1535 1173 putamus,
1585 1133 1649 1171 eo,
1695 1122 1808 1174 quod

247 1188 367 1229 codd.
407 1188 531 1229 Vind.
579 1188 621 1230 G.
666 1193 708 1231 et
747 1189 881 1242 Bong.
916 1191 964 1233 A.
1014 1192 1144 1232 etiam
1193 1191 1555 1233 incredibiliorem
1604 1191 1808 1234 exhibent

246 1271 482 1300 numerum:
509 1260 851 1314 ‘quadringenos’
873 1265 948 1303 aut
967 1262 1298 1315 ‘quadrigenos’.
1337 1262 1655 1304 Monstruosam
1674 1263 1807 1315 igitur

244 1329 287 1370 in
341 1330 666 1373 crassitudinem
722 1336 948 1374 creverunt
1001 1333 1224 1375 Gallorum
1270 1333 1380 1375 muri
1428 1334 1519 1375 sola
1569 1333 1807 1375 scribarum

245 1401 456 1442 socordia.

363 1471 487 1513 Alter
518 1472 694 1515 huiusce
726 1474 841 1515 modi
873 1474 991 1516 locus
1019 1474 1237 1516 invenitur
1267 1474 1311 1518 in
1334 1474 1431 1518 Liv.
1455 1473 1627 1517 XXIII
1653 1486 1723 1528 cp.
1747 1473 1806 1516 44

243 1540 448 1584 Marcello
482 1556 532 1584 ex
563 1543 669 1585 urbe
701 1544 812 1586 Nola
845 1548 995 1587 contra
1025 1545 1310 1588 Hannibalem
1344 1549 1596 1598 erumpente
1628 1545 1808 1599 ‘aliquot

244 1612 380 1664 primo
440 1613 604 1666 impetu
662 1615 849 1667 perculsi
904 1616 1103 1670 caesique
1155 1619 1272 1658 sunt:
1338 1617 1436 1658 dein
1492 1628 1700 1659 concursu
1752 1616 1807 1658 ad

244 1687 487 1736 pugnantes
527 1684 640 1726 facto
679 1686 961 1739 aequatisque
994 1687 1155 1729 viribus
1189 1690 1312 1729 atrox
1345 1699 1438 1728 esse
1473 1687 1615 1740 coepit
1646 1700 1806 1741 pugna.

249 1755 624 1808 memorabilisque
672 1756 785 1798 inter
832 1769 991 1810 paucas
1030 1757 1193 1807 fuisset,
1240 1758 1283 1799 ni
1323 1758 1571 1810 ingentibus
1603 1758 1805 1811 procellis

249 1823 405 1867 effusus
437 1826 573 1868 imber
606 1826 851 1869 diremisset
882 1832 1137 1881 pugnantes.
1186 1829 1247 1870 Eo
1282 1829 1350 1870 die
1384 1829 1607 1871 commisso
1640 1829 1806 1871 modico

249 1897 483 1938 certamine
522 1900 653 1950 atque
686 1898 877 1941 inritatis
910 1900 1062 1941 animis
1095 1900 1139 1941 in
1172 1899 1321 1941 urbem
1352 1899 1546 1951 Romani,
1595 1899 1730 1942 Poeni
1761 1901 1804 1941 in

249 1969 390 2008 castra
426 1979 519 2008 sese
552 1973 825 2021 receperunt;
868 1982 977 2011 nam
1012 1970 1295 2012 Poenorum
1328 1970 1496 2022 prima
1530 1971 1805 2023 eruptione

246 2038 479 2088 perculsi
513 2039 820 2082 ceciderunt
850 2040 984 2082 haud
1005 2041 1120 2093 plus
1144 2052 1290 2094 quam
1314 2041 1558 2094 triginta,
1591 2041 1805 2082 Romani

247 2107 665 2162 quinquaginta’.
730 2111 934 2153 Extrema
982 2112 1112 2153 verba
1158 2111 1273 2152 haud
1307 2111 1470 2153 sincere
1515 2112 1677 2152 tradita
1709 2123 1804 2153 esse

243 2177 438 2230 plerique
457 2180 644 2222 editores
663 2185 922 2224 censuerunt
939 2183 1142 2235 varieque
1162 2194 1212 2223 ea
1230 2185 1396 2223 mutare
1415 2182 1557 2223 conati
1581 2185 1693 2224 sunt.
1742 2182 1804 2224 Ac

249 2248 433 2300 primum
451 2251 621 2303 quidem
641 2253 1040 2295 cumH.J.Miillero
1058 2252 1309 2296 crediderim
1325 2253 1471 2305 spuria
1488 2256 1616 2305 atque
1632 2265 1656 2293 a
1672 2252 1804 2294 libra-

247 2318 311 2360 rio
331 2321 513 2372 quodam
537 2323 669 2365 stulte
687 2324 874 2376 repetita
898 2336 992 2365 esse
1014 2324 1144 2365 verba
1169 2323 1320 2376 ‘prima
1341 2323 1565 2375 eruptione
1588 2323 1802 2375 perculsi’.

247 2388 397 2442 Neque
476 2392 588 2432 enim
667 2393 806 2445 prima
882 2395 1006 2436 modo
1074 2394 1301 2447 eruptione
1373 2392 1487 2435 facta
1557 2393 1804 2436 ceciderunt

247 2459 412 2512 aliquot
434 2462 580 2515 Poeni,
615 2465 689 2505 sed
723 2465 852 2506 etiam
876 2469 1039 2518 postea,
1069 2477 1163 2507 cum
1185 2464 1380 2517 aequatis
1401 2464 1564 2506 viribus
1597 2465 1803 2507 atrociter

245 2536 522 2582 pugnaretur.
577 2533 695 2576 Idem
725 2535 850 2578 homo
876 2537 1025 2578 doctus
1049 2536 1101 2578 de
1124 2548 1299 2577 numero
1320 2535 1526 2588 ‘triginta’
1548 2535 1654 2577 haec
1678 2536 1801 2577 dicit:

252 2601 356 2652 „Die
389 2602 492 2645 Zahl
526 2605 640 2646 kann
673 2606 790 2647 nicht
822 2607 980 2660 richtig
1012 2607 1116 2658 sein,
1150 2606 1244 2647 weil
1276 2606 1385 2647 nach
1418 2608 1529 2657 45‚1
1567 2605 1641 2647 auf
1663 2607 1801 2648 seiten

247 2671 322 2712 der
354 2672 512 2715 Punier
560 2677 680 2717 mehr
722 2677 906 2730 gefallen
940 2678 1031 2720 sein
1064 2682 1278 2719 miissen“.
1341 2676 1390 2717 In
1424 2689 1514 2729 cap.
1540 2677 1609 2728 45,
1633 2679 1652 2718 1
1688 2677 1800 2718 enim

249 2741 477 2785 Marcellus
558 2746 686 2788 tertio
747 2749 815 2789 die
879 2752 979 2801 post
1046 2760 1144 2790 suos
1215 2747 1483 2796 adhortatur,
1562 2750 1610 2789 ut
1661 2747 1799 2789 ‘victis
