2039 3188
899 182 950 221 17

144 295 235 338 ὑπὸ
268 298 349 338 τοῦ
381 294 513 349 ἡλίου
535 297 852 349 κεχρωσμένοι.
902 296 1125 349 Superflua
1149 300 1215 339 est
1237 296 1538 349 interpretatio
1562 297 1702 339 adiec-

144 368 222 409 tivi
268 364 534 419 ὑπέρυθροι.
596 366 685 408 Nec
733 379 816 409 non
864 367 907 409 in
954 367 1190 420 marginem
1224 370 1290 408 est
1320 367 1553 419 releganda
1584 367 1702 410 notio

143 437 171 490 ἡ
204 436 267 479 τὰ
315 434 538 477 ποικίλα
580 436 676 479 Bis.
702 449 855 480 accus.
879 437 945 488 19,
994 437 1192 490 adposita
1239 437 1292 478 ad
1338 437 1366 490 ἡ
1395 437 1701 491 κατάγραφος,

144 520 226 560 quo
289 507 383 560 ipso
445 506 617 549 nomine
679 508 786 549 satis
856 507 1121 560 significatur
1189 506 1428 549 Stoicorum
1495 509 1699 560 porticus.

143 577 369 619 Molestam
403 577 533 618 etiam
567 577 689 619 scioli
721 578 888 620 scribae
921 578 1178 631 sapientiam
1201 577 1397 620 redolent
1417 577 1528 621 Adv.
1551 578 1648 623 ind.
1671 578 1701 620 6

141 648 273 690 verba
311 647 361 688 οἱ
392 645 557 699 πόδες
590 646 665 701 δή.
728 648 897 690 Etenim
927 648 1052 690 homo
1087 648 1312 690 admodum
1346 648 1463 690 dives
1497 649 1702 691 ambobus

141 717 323 770 pedibus
345 718 504 770 frigore
524 717 778 770 putrefactis
806 722 848 760 et
863 719 1047 761 desectis
1063 722 1215 771 postea
1229 717 1384 770 ligneis
1402 730 1502 759 usus
1521 718 1702 770 pedibus

143 800 192 830 eo
210 788 342 830 risum
356 788 566 839 movebat,
587 789 698 841 quod
715 789 908 841 crepidas
927 789 1236 841 pulcherrimas
1254 788 1423 829 emebat
1437 788 1703 842 maximeque

144 860 205 900 eis
255 871 428 911 operam
478 859 620 910 dabat,
672 858 736 910 ὡς
783 857 1042 910 καλλίστοις
1082 857 1344 911 ὑποδήμασι
1390 859 1704 911 κεκοσμημένα

143 928 210 982 εἴη
246 928 370 982 αὐτῷ
404 928 459 970 τὰ
492 927 615 981 ξύλα.
664 930 755 971 Iam
788 930 915 980 satis;
950 930 1153 982 languide
1186 942 1287 971 vero
1320 932 1552 971 assuuntur
1572 929 1704 971 verba

141 999 216 1040 illa
239 999 281 1040 οἱ
302 997 441 1050 πόδες
463 997 531 1051 δή.
567 1000 725 1049 Quodsi
743 1000 785 1041 in
804 999 927 1041 Dial.
951 1000 1144 1042 meretr.
1163 998 1234 1041 IX
1252 998 1277 1040 2
1299 999 1503 1041 Polemon
1522 1010 1572 1040 ex
1588 999 1702 1042 bello

141 1069 312 1112 rediens
334 1073 537 1111 narratur
559 1068 610 1110 τὸ
633 1069 717 1122 μὲν
738 1068 820 1122 γὰρ
845 1069 1056 1122 ἀργύριον
1078 1067 1195 1122 μηδὲ
1217 1067 1401 1122 ἀριθμῷ
1427 1067 1560 1121 ἄγειν,
1586 1068 1704 1111 ἀλλὰ

141 1138 342 1193 μεδίμνῳ
368 1138 802 1193 ἀπομεμετρημένον
823 1138 1064 1191 πολλοὺς
1079 1138 1400 1192 μεδίμνους,
1426 1140 1520 1192 quis
1539 1139 1707 1182 dubitet

143 1213 333 1253 extrema
363 1210 495 1252 verba
532 1223 609 1263 pro
641 1211 897 1264 glossemate
930 1211 1117 1253 habere?
1178 1211 1226 1253 In
1264 1210 1391 1252 Dial.
1424 1221 1538 1253 mer.
1568 1209 1707 1253 XIII

142 1285 298 1332 autem,
346 1281 420 1322 ubi
451 1280 599 1323 Ioessa
631 1281 785 1334 Lysiae
819 1281 954 1323 amico
989 1282 1239 1335 opprobrat,
1289 1281 1402 1335 quod
1434 1284 1500 1323 tot
1531 1284 1705 1334 tamque

138 1351 293 1393 divites
325 1350 500 1393 iuvenes
533 1351 628 1403 ipsa
662 1352 752 1393 eius
786 1352 928 1405 gratia
958 1364 1043 1394 non
1066 1352 1290 1394 admiserit
1322 1352 1455 1394 veluti
1482 1351 1706 1404 aequalem

139 1422 230 1463 eius
261 1420 502 1472 Melissum‚
553 1421 595 1462 in
644 1422 784 1463 verbis
833 1422 1160 1474 insequentibus
1193 1422 1339 1463 καίτοι
1372 1420 1558 1474 ἔναγχος
1591 1420 1704 1463 ἀπο-

139 1490 368 1543 θανόντος
417 1490 540 1544 αὐτῷ
589 1493 670 1533 τοῦ
718 1491 894 1544 πατρὸς
940 1493 1025 1534 καὶ
1072 1492 1227 1545 κύριον
1277 1490 1445 1533 αὐτὸν
1485 1489 1594 1533 ὄντα
1626 1493 1707 1544 τῆς

140 1561 296 1612 οὐσίας
328 1562 502 1603 voculae
536 1563 611 1603 καί
642 1565 685 1604 et
714 1561 853 1604 αὐτόν
875 1566 1025 1616 utpote
1049 1563 1209 1604 similes
1232 1562 1552 1616 insequentium
1577 1562 1703 1615 sylla-

138 1633 290 1674 barum
324 1632 482 1674 litteris
515 1633 699 1675 iniectae
731 1637 831 1675 sunt
864 1646 889 1674 a
920 1634 1061 1676 scriba
1089 1634 1286 1686 quodam,
1322 1633 1393 1686 qui
1417 1633 1588 1686 quidem
1611 1645 1707 1674 sen-

140 1715 233 1744 sum
283 1703 471 1744 universi
519 1703 601 1745 loci
647 1703 940 1756 intellegeret,
989 1708 1250 1746 structuram
1299 1707 1441 1745 autem
1490 1703 1705 1745 enuntiati

140 1773 461 1826 grammaticam
507 1786 591 1815 non
640 1775 745 1816 satis
793 1775 1071 1827 perspiceret.
1136 1774 1244 1816 Nam
1291 1774 1400 1815 hanc
1443 1774 1701 1816 sententiam

140 1844 339 1886 nimirum
363 1843 532 1886 efficere
560 1844 694 1886 voluit
717 1849 885 1886 auctor:
922 1845 1128 1897 ‘quamvis
1152 1848 1371 1897 potentem
1394 1845 1457 1886 rei
1476 1844 1701 1886 familiaris

142 1919 268 1968 patre
301 1915 429 1968 paulo
459 1917 558 1955 ante
581 1915 778 1957 mortuo.’

262 1985 357 2028 Bis.
390 1996 542 2027 accus.
573 1984 620 2026 5:
668 1985 842 2027 Iustitia
876 1986 968 2039 dea,
1019 1997 1111 2027 cum
1144 1985 1340 2038 Iuppiter
1374 1985 1530 2026 dixerit
1562 1985 1702 2037 philo-

141 2056 298 2108 sophos
339 2068 387 2097 ac
424 2056 604 2097 maxime
639 2056 858 2098 Socratem
892 2056 1087 2098 docuisse
1121 2069 1213 2098 eam
1247 2055 1575 2108 praeferendam
1608 2068 1702 2098 esse

143 2127 399 2180 Iniustitiae,
448 2139 526 2178 per
572 2127 754 2168 ironiam
787 2127 1019 2179 respondet
1052 2127 1233 2168 multum
1266 2124 1457 2178 profecto
1491 2125 1703 2178 profuisse

143 2197 307 2239 Socrati
332 2198 384 2239 de
407 2197 578 2238 Iustitia
602 2209 833 2250 sermones,
868 2198 939 2250 qui
963 2197 1132 2250 quidem
1157 2198 1336 2238 cicutam
1359 2195 1508 2238 bibere
1532 2200 1703 2238 coactus

143 2269 218 2309 sit:
267 2266 392 2319 παρὰ
439 2269 659 2308 τοσοῦτον
698 2267 947 2320 ὑπερέσχον
987 2268 1028 2308 οἱ
1059 2267 1301 2319 κατήγοροι
1334 2266 1550 2308 τάναντία
1583 2268 1703 2319 περὶ

143 2341 235 2391 τῆς
275 2336 512 2389 Ἀδικίας
545 2336 918 2391 φιλοσοφοῦντες.
973 2338 1093 2379 Hanc
1115 2338 1321 2379 librorum
1343 2337 1567 2379 lectionem
1595 2337 1702 2378 Bek-

142 2409 271 2450 kerus
299 2412 342 2450 et
364 2408 625 2450 Fritzschius
652 2409 794 2450 nescio
822 2421 906 2461 qua
933 2409 984 2450 de
1014 2420 1142 2450 causa
1164 2409 1226 2449 ita
1248 2408 1520 2458 mutaverint,
1554 2411 1602 2448 ut
1624 2419 1701 2459 pro

146 2477 508 2531 φιλοσοφοῦντες
541 2479 779 2531 scriberent
814 2479 924 2520 alter
958 2477 1282 2531 φλυαροῦντες,
1308 2478 1417 2519 alter
1440 2475 1700 2529 ληροῦντες.

144 2550 201 2590 At
247 2548 396 2590 vitium
444 2549 486 2590 in
535 2549 676 2591 verbis
709 2549 811 2601 περὶ
844 2551 924 2601 τῆς
965 2547 1156 2599 Ἀδικίας
1188 2549 1328 2590 inesse
1362 2548 1543 2598 videtur,
1593 2560 1702 2599 quae

145 2619 366 2662 abundant
389 2623 431 2661 et
454 2620 665 2672 glossema
687 2623 786 2661 sunt
812 2620 1095 2661 existimanda
1119 2619 1172 2660 ad
1190 2617 1406 2659 τάναντία
1423 2618 1698 2670 adscriptum.

144 2689 252 2731 Nam
285 2693 555 2732 accusatores
589 2690 776 2732 Socratis
809 2691 869 2731 ita
901 2691 953 2732 ab
978 2690 1067 2732 eius
1090 2689 1362 2741 philosophia
1386 2688 1701 2740 discrepabant,

144 2763 192 2802 ut
223 2773 307 2802 non
341 2761 392 2803 de
423 2760 594 2802 Iustitia
628 2762 867 2814 cogitarent
900 2761 974 2802 sed
1008 2760 1059 2801 de
1093 2759 1323 2802 Iniustitia.

217 2828 285 2863 xgl.
306 2829 605 2864 Luieengymnasium
626 2831 703 2856 1905.
1373 2830 1393 2863 2
