2039 3188
1050 174 1100 213 12

296 293 395 332 ante
445 288 783 331 coniunctionem
831 288 1035 343 Itaque,
1088 291 1205 332 cuius
1251 291 1419 332 initium
1465 289 1636 331 easdem
1669 289 1849 342 praebet

296 361 477 402 litteras.

415 429 654 473 Ciceronis
664 429 792 471 Phil.
812 441 882 473 or.
894 430 957 473 IV
976 442 1043 484 cp.
1057 430 1085 472 6
1101 431 1142 472 in
1161 431 1319 473 verbis:
1345 435 1568 482 senatum,
1593 431 1635 472 id
1654 435 1719 472 est
1736 429 1852 473 orbis

297 506 439 544 terrae
463 500 696 543 consilium'
722 500 836 542 inter
870 501 951 543 duo
989 505 1182 542 extrema
1204 502 1334 544 verba
1359 514 1457 544 casu
1480 502 1622 555 aliquo
1646 502 1854 544 excidisse

299 572 534 616 censuerim
554 574 563 592 ‘
577 571 795 624 ampliss
809 563 992 614 imum'.
1033 572 1141 614 Nam
1161 572 1255 614 aliis
1275 585 1440 625 quoque
1456 573 1559 615 locis
1577 578 1751 616 senatus
1771 586 1854 616 non

296 649 385 686 tam
433 643 654 685 consilium
695 643 810 685 orbis
849 647 991 685 terrae
1024 647 1201 685 vocatur
1245 656 1369 696 quam
1405 644 1627 685 consilium
1661 648 1736 686 aut
1768 657 1853 686 am-

296 715 534 769 plissimum
557 719 632 756 aut
661 726 881 757 summum.
930 714 1076 757 Veluti
1108 715 1150 756 in
1185 714 1268 757 Cic.
1294 714 1402 757 Phil.
1427 713 1490 755 III
1518 727 1579 767 cp.
1609 717 1660 756 14
1693 720 1853 759 exstat:

298 791 356 839 ‚et
403 785 654 838 amplissimi
702 786 819 827 orbis
866 790 1009 827 terrae
1053 786 1218 828 consilii
1266 786 1480 838 principes
1519 797 1593 827 vos
1642 798 1734 829 esse
1777 787 1856 828 ali-

299 857 467 912 quando
501 857 796 899 recordamini'
833 862 877 898 et
908 857 964 900 ib.
989 857 1071 899 VII
1104 869 1166 910 cp.
1193 859 1237 898 7:
1279 856 1434 910 ‘Turpe
1466 860 1532 898 est
1564 868 1726 899 summo
1760 869 1855 900 con-

298 929 395 971 silio
429 928 544 970 orbis
577 927 746 970 terrae’.
797 928 894 969 Alia
925 940 1003 970 vox
1036 928 1206 970 videtur
1230 940 1436 980 oppressa
1457 927 1498 968 in
1523 925 1616 971 Cic.
1634 927 1763 970 Phil.
1788 939 1854 971 or.

298 999 362 1043 VI
396 1011 464 1054 cp.
488 999 535 1041 3:
585 999 894 1041 ‘Passurumne
943 999 1127 1041 censetis
1162 999 1392 1041 Antonium
1435 999 1615 1041 introire
1649 999 1858 1041 Mutinam

298 1071 478 1124 legatos,
531 1071 647 1113 exire
692 1070 791 1113 inde
839 1071 963 1112 tuto?
1025 1069 1255 1124 Nunquam
1293 1070 1498 1123 patietur,
1546 1070 1650 1111 mihi
1684 1071 1858 1114 credite.

300 1142 407 1185 Novi
458 1142 719 1194 violentiam,
768 1142 865 1183 novi
914 1141 1235 1194 impudentiam,
1285 1142 1382 1183 novi
1421 1141 1679 1184 audaciam'.
1741 1141 1859 1184 Haec

299 1215 431 1257 verba
451 1217 499 1255 ut
517 1213 791 1266 suppleamus
810 1213 934 1254 ‘Novi
955 1213 1177 1255 hominis
1200 1212 1478 1264 violentiam'‚
1512 1225 1595 1254 non
1618 1216 1784 1254 tantum
1809 1225 1859 1255 eo

302 1286 562 1337 adducimur,
589 1285 702 1338 quod
727 1285 959 1326 accusativi
985 1297 1068 1326 non
1086 1285 1259 1337 habent,
1278 1285 1331 1326 ad
1361 1296 1485 1337 quem
1504 1283 1759 1336 referantur,
1785 1284 1861 1327 sed

298 1357 562 1410 insequentis
611 1356 823 1398 enuntiati
880 1356 1042 1398 verbis:
1114 1355 1216 1398 ‘Nec
1270 1368 1370 1398 vero
1420 1355 1471 1396 de
1520 1355 1593 1397 illo
1646 1355 1757 1397 sicut
1808 1356 1860 1398 de

296 1428 504 1471 homine
553 1427 696 1480 aliquo
745 1426 962 1478 debemus,
1013 1427 1087 1469 sed
1136 1430 1183 1468 ut
1220 1426 1272 1469 de
1304 1426 1431 1468 belua
1463 1426 1608 1479 aliqua
1641 1427 1858 1480 cogitare'.

298 1499 453 1542 Levius
506 1499 809 1540 detrimentum
865 1498 1030 1551 accepit
1095 1498 1203 1540 alius
1267 1498 1385 1540 locus
1438 1498 1567 1539 Phil.
1628 1509 1699 1540 or.
1760 1497 1864 1540 VIII

299 1572 372 1623 qui
404 1570 622 1612 invenitur
654 1570 698 1611 in
732 1581 795 1622 cp.
820 1571 859 1611 4.
915 1569 1000 1611 Ubi
1034 1568 1180 1611 Cicero
1215 1569 1453 1623 opprobrat
1485 1569 1628 1621 Fucio,
1661 1569 1775 1622 quod
1807 1569 1860 1611 de

298 1642 395 1683 Iulii
436 1641 632 1684 Caesaris
680 1654 813 1694 regno
863 1641 963 1682 olim
998 1645 1255 1694 conquestus
1295 1641 1379 1682 iam
1413 1652 1560 1693 pacem
1595 1640 1863 1683 commendet

300 1725 394 1755 cum
426 1713 612 1754 Antonio
648 1712 907 1754 faciendam:
960 1712 1083 1762 ‘Quin
1118 1713 1260 1766 etiam,
1296 1712 1450 1765 inquit,
1501 1712 1553 1753 de
1586 1711 1659 1754 illo
1691 1711 1861 1753 homine

300 1784 421 1837 queri
444 1784 632 1835 solebas;
658 1784 761 1837 quid
782 1789 824 1825 te
843 1783 1054 1826 facturum
1073 1784 1124 1826 de
1143 1784 1269 1826 belua
1288 1785 1363 1836 (sc.
1386 1784 1437 1825 de
1455 1783 1661 1834 Antonio)
1685 1781 1860 1835 putas?

300 1855 583 1897 Desideratur
629 1868 864 1908 pronomen
914 1855 1052 1897 ‘hac’
1102 1859 1201 1897 ante
1251 1854 1420 1906 ‘belua’,
1471 1855 1583 1907 quod
1621 1853 1863 1907 pronomini

302 1926 403 1968 ‘illo'
440 1927 544 1968 satis
578 1927 849 1980 respondeat.

423 1997 569 2040 Cicero
618 1998 662 2040 in
710 1997 848 2040 Tusc.
879 1997 1052 2051 disput.
1076 1997 1115 2040 V
1148 2008 1218 2051 cp.
1243 1997 1287 2039 ll
1320 2009 1414 2039 cum
1447 1998 1495 2038 A.
1532 1997 1777 2050 colloquens
1811 1997 1863 2038 de

305 2081 461 2122 genere
524 2068 772 2121 disputandi
836 2081 929 2110 cum
992 2068 1309 2110 inconstantiae
1371 2068 1567 2110 videatur
1615 2072 1859 2112 accusatusz

306 2139 425 2181 ‘Cum
458 2139 569 2193 aliis,
618 2140 770 2193 inquit,
821 2140 904 2181 isto
937 2140 1061 2181 modo
1096 2141 1170 2193 (sc.
1206 2138 1430 2194 disputes),
1480 2139 1552 2192 qui
1586 2139 1752 2192 legibus
1785 2139 1862 2180 im·

304 2210 456 2263 positis
506 2210 747 2263 disputant:
796 2221 873 2251 nos
910 2210 952 2251 in
987 2210 1098 2252 diem
1131 2210 1331 2261 vivimus3
1379 2210 1659 2263 quodcunque
1692 2215 1862 2253 nostros

307 2283 470 2323 animos
495 2281 800 2334 probabilitate
823 2281 1050 2333 percussit,
1086 2281 1128 2322 id
1152 2281 1349 2331 dicimus3
1385 2281 1531 2334 itaque
1564 2281 1663 2323 soli
1691 2294 1863 2323 sumus

303 2353 477 2395 liberi.
523 2353 681 2394 Verum
714 2357 855 2394 tamen
896 2351 1013 2396 ....'
1047 2352 1147 2395 Non
1183 2357 1248 2394 est
1281 2365 1361 2404 quo
1393 2353 1464 2394 hic
1496 2353 1712 2405 pertineat
1739 2352 1861 2395 ‘soli’.

305 2424 454 2477 Neque
474 2424 585 2466 enim
602 2427 688 2465 tam
714 2424 856 2465 dicere
873 2424 964 2465 vult
980 2422 1142 2475 Cicero,
1172 2424 1252 2465 sibi
1272 2424 1352 2465 soli
1372 2436 1467 2466 esse
1485 2424 1783 2466 vindicandam
1802 2424 1864 2466 di—

308 2496 430 2538 cendi
448 2495 693 2537 libertatem
712 2507 837 2548 quam
857 2495 1026 2537 omnino
1047 2495 1128 2536 sibi
1146 2495 1277 2537 licere
1295 2495 1430 2537 libere
1448 2495 1601 2538 dicere.
1637 2495 1864 2549 Oppressit

307 2567 531 2611 nonnullas
553 2567 722 2609 litteras
747 2579 891 2608 socors
912 2567 1083 2619 quidam
1100 2566 1325 2617 librarius;
1362 2566 1523 2617 Cicero,
1549 2567 1713 2619 opinor,
1733 2567 1864 2618 scrip-

308 2640 365 2680 sit
400 2639 587 2680 ‘soluti
617 2650 793 2679 sumus
816 2638 1115 2690 liberique'.
1170 2638 1333 2680 Vocula
1356 2638 1480 2691 ‘que'‚
1506 2639 1624 2680 cuius
1649 2643 1863 2680 extremae

310 2711 418 2752 duae
441 2711 614 2752 litterae
637 2717 876 2761 congruant
899 2722 990 2751 cum
1024 2709 1146 2751 initio
1180 2710 1294 2751 vocis
1330 2709 1515 2762 ‘verum'‚
1535 2709 1628 2751 fieri
1645 2709 1799 2762 potuit,
1819 2712 1866 2750 ut

309 2781 622 2834 neglegeretur.
687 2780 954 2823 Conferenda
997 2785 1139 2822 autem
1173 2785 1239 2823 est
1272 2781 1420 2823 eadem
1454 2780 1693 2823 coniunctio
1727 2780 1867 2822 adiec-
