2039 3188
920 201 977 242 23

169 317 329 371 Ἔρως,
365 316 417 359 οὐ
449 315 615 358 κακὸν
647 317 841 369 νήπιον
871 316 1032 359 ὁποῖον
1057 316 1310 370 ζωγράφων
1333 315 1543 369 παίζουσι
1561 319 1721 370 χεῖρες,

171 387 271 429 ἀλλ’
318 386 368 429 ὃν
413 387 441 440 ἡ
475 386 808 440 πρωτοσπόρος
855 386 1088 440 ἐγέννησεν
1132 385 1244 440 ἀρχή
1278 385 1450 428 τέλειον
1483 385 1598 429 εὐθὺ
1631 398 1724 439 τεχ-

169 456 323 499 θέντα.
388 456 473 498 Cur
505 456 669 509 Cupido
718 457 786 498 1116
835 457 1075 510 appelletur
1123 456 1276 509 κακὸν,
1325 469 1408 499 11011
1442 457 1578 499 habeo
1613 458 1725 510 quod

168 528 318 580 dicam,
351 528 508 580 quippe
542 539 635 569 cum
668 532 940 580 opponantur
972 527 1102 569 verba
1134 525 1306 568 τέλειον
1339 525 1452 568 εὐθὺ
1490 525 1723 580 τεχθέντα.

168 597 304 647 Quid?
352 595 505 639 Κακόν
536 597 699 650 νήπιον
746 597 852 639 illud
898 610 1037 640 nonne
1077 600 1324 649 corruptum
1356 597 1414 639 sit
1447 610 1498 640 ex
1529 597 1725 638 τέκνον

166 667 384 719 νήπιονῬ
427 667 475 709 111
499 667 614 711 Tox.
639 668 667 710 8
699 671 924 721 postquam
948 667 1105 709 multus
1128 667 1210 708 fuit
1243 667 1419 709 Toxaris
1451 668 1544 720 ipse
1578 668 1620 708 in
1654 667 1725 709 de-

165 737 384 790 pingenda
428 738 719 790 veneratione,
769 750 878 790 quae
917 750 942 779 a
974 729 1062 780 suis
1100 738 1264 779 tributa
1297 737 1355 779 sit
1388 737 1568 779 Orestae
1601 737 1725 790 Pyla-

166 807 330 860 daeque
347 811 524 860 propter
543 807 787 856 amicitiam,
806 808 1059 861 Mnesippus
1076 807 1183 850 haec
1199 808 1452 860 respondet:
1480 805 1530 847 Ὤ
1552 805 1724 860 Τόξαρι,

164 877 315 930 inquit,
366 877 419 919 οὐ
466 877 609 930 μόνον
657 875 744 930 ἄρα
776 875 972 930 τοξεύειν
1007 876 1173 930 ἀγαθοὶ
1205 876 1321 930 ἦσαν
1354 875 1532 918 Σκύθαι
1563 878 1638 919 καὶ
1669 876 1726 919 τὰ

165 946 387 1000 πολεμικὰ
433 949 524 988 τῶν
573 945 727 988 ἄλλων
775 946 1007 999 ἀμείνους,
1058 945 1175 988 ἀλλὰ
1221 947 1295 988 καὶ
1343 947 1499 1000 ῥῆσιν
1547 948 1726 989 εἰπεῖν

169 1017 387 1060 ἁπάντων
418 1016 745 1061 πιθανώτατοι.
795 1018 997 1060 Extrema
1029 1018 1160 1060 verba
1191 1018 1337 1070 inepte
1370 1029 1464 1059 esse
1498 1018 1612 1060 dicta
1641 1018 1724 1059 iam

167 1088 370 1130 iudicavit
386 1088 705 1141 Guttentagius.
731 1087 900 1130 Etenim
917 1089 1101 1130 disertos
1119 1100 1169 1129 es
1181 1101 1232 1130 56
1249 1087 1441 1141 Scythas,
1462 1101 1544 1130 non
1562 1087 1690 1130 fuiss
1703 1102 1724 1130 e

167 1159 395 1212 Mnesippo
445 1159 668 1201 dicendum
717 1164 811 1201 erat
858 1159 912 1201 ad
958 1159 1215 1239 laudandam
1249 1159 1427 1201 Toxaris
1471 1160 1723 1202 orationem.

166 1230 299 1281 Adde,
333 1230 444 1282 quod
476 1230 706 1282 singularis
739 1228 828 1271 fere
863 1233 929 1272 651
951 1230 1118 1271 d1cendi
1140 1230 1252 1271 ratio
1278 1229 1405 1283 ῥῆσιν
1428 1230 1581 1280 εἰπεῖν,
1615 1242 1724 1282 quae

166 1312 249 1341 non
282 1300 406 1342 modo
440 1301 555 1353 apud
586 1300 832 1351 Lucianum,
867 1301 941 1342 sed
975 1313 1027 1341 ne
1061 1301 1173 1353 apud
1208 1303 1373 1342 ceteros
1399 1301 1568 1353 quidem
1592 1301 1725 1353 scrip-

165 1373 282 1412 tores
329 1371 546 1413 invenitur
592 1371 674 1413 nisi
721 1370 853 1413 semel
899 1371 942 1413 in
993 1371 1191 1423 Aeschyli
1238 1374 1393 1423 poetae
1433 1370 1581 1424 Suppl.
1616 1373 1721 1413 615:

166 1439 333 1482 τοιάνδ’
369 1438 525 1481 ἔπειθε
558 1440 686 1493 ῥῆσιν
717 1440 827 1494 ἀμφ’
851 1441 983 1494 ἡμῶν
1006 1439 1162 1493 λέγων.
1213 1441 1280 1483 Ita
1302 1453 1402 1483 vero
1426 1441 1529 1482 mihi
1553 1441 1725 1494 quidem

165 1511 334 1553 videtur
367 1523 460 1553 esse
491 1511 618 1553 lectio
654 1516 868 1564 corrupta,
902 1515 949 1553 ut
982 1512 1090 1553 εἰσιν
1122 1515 1221 1564 post
1250 1512 1378 1565 ῥῆσιν
1409 1515 1587 1565 propter
1608 1512 1725 1554 11116-

166 1594 311 1622 rarum
358 1581 679 1623 similitudinem
728 1582 944 1624 excideret
993 1583 1255 1635 eandemque
1304 1582 1356 1624 ob
1406 1594 1576 1625 causam
1624 1586 1724 1625 ante

168 1651 386 1693 ἁπάντων
440 1652 753 1694 immisceretur
806 1651 1040 1694 infinitivus
1088 1652 1242 1694 εἰπεῖν.
1307 1653 1534 1695 Restitutis
1582 1656 1725 1695 autem

165 1722 308 1764 verbis
343 1722 495 1774 ῥῆσίν
528 1723 661 1763 εἰσιν
695 1721 956 1764 ἁπάντων
987 1723 1093 1764 haec
1126 1722 1310 1765 efficitur
1343 1724 1578 1765 sententia:
1615 1723 1723 1765 ‘Non

167 1793 303 1835 solum
335 1793 469 1845 igitur
502 1793 606 1835 clari
639 1794 857 1846 sagittarii
891 1797 1014 1835 erant
1037 1792 1110 1849 (sc.
1136 1793 1254 1849 olim)
1279 1794 1461 1847 Scythae
1485 1794 1723 1846 bellicaque

168 1867 261 1905 arte
309 1866 475 1905 ceteros
516 1865 791 1916 superabant,
841 1865 916 1906 sed
955 1865 1083 1907 etiam
1117 1865 1295 1907 dicendo
1330 1864 1403 1921 (sc.
1440 1869 1487 1906 ut
1519 1869 1566 1906 tu
1597 1864 1721 1906 modo

169 1932 369 1989 docuisti)
404 1938 502 1975 sunt
535 1934 713 1986 optimi’.

282 2004 331 2046 In
354 2004 469 2047 Tox.
495 2003 556 2047 30
581 2017 710 2046 unum
730 2004 903 2047 verbum
923 2017 998 2047 suo
1022 2005 1114 2047 loco
1150 2009 1311 2048 temere
1343 2009 1502 2047 motum
1534 2006 1722 2047 lucidum

165 2075 376 2117 enuntiati
409 2087 580 2116 sensum
611 2076 824 2118 obscurat.
873 2076 1066 2117 Duorum
1089 2076 1319 2117 amicorum
1344 2076 1454 2117 alter
1476 2075 1722 2128 Antiphilus

164 2146 208 2186 in
230 2146 437 2198 Aegypto,
472 2146 585 2198 quod
617 2158 763 2188 servus
787 2147 876 2188 61115
900 2146 1116 2198 sacrilegii
1149 2150 1242 2188 erat
1265 2147 1495 2198 convictus,
1520 2159 1606 2188 una
1629 2157 1722 2187 cum

167 2228 216 2257 eo
254 2216 298 2256 in
346 2216 514 2257 vincula
547 2220 612 2258 651
646 2217 875 2259 coniectus.
944 2217 1023 2258 Ubi
1058 2229 1149 2258 611111
1183 2220 1466 2259 macresceret
1499 2221 1542 2259 et
1574 2229 1723 2269 aegro-

164 2289 279 2328 taret
311 2286 386 2338 ita,
420 2289 468 2327 ut
499 2285 630 2329 facies
665 2291 708 2329 et
739 2287 876 2329 forma
908 2287 949 2328 in
986 2287 1174 2329 deterius
1208 2291 1572 2339 converterentur,
1611 2287 1722 2329 forte

166 2357 307 2398 evenit
354 2357 481 2399 alteri
528 2358 664 2400 amico
698 2358 929 2409 Demetrio,
978 2361 1026 2399 111
1066 2358 1117 2399 (16
1157 2370 1207 2399 ea
1239 2370 1284 2399 re
1319 2358 1477 2400 certior
1508 2358 1645 2400 factus
1678 2359 1722 2399 in

166 2438 377 2468 carcerem
425 2432 676 2481 penetraret
723 2429 775 2470 ad
809 2429 1101 2481 quaerendum
1135 2430 1328 2471 amicum.
1392 2429 1472 2479 Qui
1503 2429 1576 2470 ubi
1608 2429 1722 2471 inter

168 2497 275 2538 alios
309 2499 500 2550 captivos
533 2499 800 2552 Antiphilum
835 2500 906 2540 diu
939 2500 1129 2540 invenire
1162 2512 1246 2541 non
1284 2500 1437 2552 potuit,
1473 2500 1722 2541 nominatim

166 2581 258 2609 611111
308 2570 511 2611 evocavit.
584 2568 653 2621 Ὡς
701 2569 750 2611 δὲ
782 2569 1065 2626 (Antiphilus)
1114 2569 1195 2622 τήν
1245 2570 1405 2623 φωνὴν
1448 2569 1723 2622 αἰσθόμενος

166 2637 385 2692 ἀνεβόησε
430 2640 503 2680 καὶ
548 2640 880 2693 προσιόντος
922 2639 1176 2692 διαστείλας
1209 2640 1291 2693 τὴν
1322 2641 1469 2694 κόμην
1500 2641 1575 2682 καὶ
1608 2640 1721 2681 ᾶπα-

165 2708 313 2760 γαγὼν
346 2711 427 2751 τοῦ
466 2711 717 2762 προσώπου
753 2710 989 2764 αὐχμηρὰν
1020 2711 1094 2752 καὶ
1126 2710 1527 2765 συμπεπιλημένην
1560 2710 1722 2763 ἔδειξεν

168 2778 305 2820 αὑτὸν
365 2778 487 2832 ὅστις
546 2779 621 2833 ἧν,
683 2780 823 2835 ἄμφω
884 2782 967 2834 μὲν
1028 2782 1187 2824 αὐτίκα
1245 2784 1486 2824 πίπτουσιν
1547 2781 1721 2834 ἰλιγγιά-

167 2860 325 2902 σαντες
358 2850 430 2892 ἐπὶ
462 2853 516 2904 τῇ
551 2849 881 2904 ἀπροσδοκήτῳ
913 2850 1014 2905 θέᾳ,
1044 2852 1195 2904 χρόνῳ
1230 2850 1278 2893 δὲ
1302 2884 1425 2895 .....
1475 2852 1567 2894 Νο11
1592 2852 1722 2894 habet
