2039 3188
1188 163 1212 203 6

420 279 526 332 τοὺς
551 277 731 330 ἄλλους,
752 277 913 319 ὁπόσοι
945 277 1274 331 ἐμνηστεύοντό
1308 293 1363 333 με
1395 277 1606 320 πλούσιοι
1636 279 1712 320 καὶ
1740 277 1872 337 καλοὶ
1899 282 1975 326 καὶ

418 349 618 404 λαμπροὶ
634 347 690 390 τὰ
706 348 964 400 προγονικά,
979 351 1043 402 τῷ
1063 348 1307 404 ἀχαρίστῳ
1325 350 1421 392 τού
1434 362 1504 402 τῳ
1524 349 1725 404 ἐμαυτὴν
1735 337 1975 409 ἐνεγγύησα

416 422 587 473 πένητι
621 417 733 460 ὄντι
765 418 838 459 καὶ
872 418 1041 472 ἀφανεῖ
1069 420 1144 460 καὶ
1174 421 1277 473 νέῳ.
1340 421 1447 463 Nam
1481 421 1577 464 aliis
1616 415 1972 479 commemoratis,

418 504 524 546 quos
557 491 718 533 dimisit
740 489 982 541 Rhetorica,
1001 502 1176 533 necesse
1195 494 1289 533 crat
1310 491 1540 534 Lucianum
1565 492 1703 545 ipsum
1726 492 1986 548 pronomine*

418 561 754 605 demonstrativo
801 555 950 612 τούτῳ
1000 561 1227 613 designari.
1306 562 1528 604 Adiectiva
1575 566 1717 604 autem
1769 562 1978 607 πλούσιοι

414 634 489 675 καὶ
519 630 650 674 καλοὶ
681 632 755 673 καὶ
791 630 992 684 λαμπροὶ
1031 644 1123 673 cum
1157 630 1319 673 ὁπόσοι
1351 633 1577 675 coniuncta
1609 634 1976 678 substantivorum

413 704 551 746 locum
575 703 788 753 obtinent3
823 703 1035 744 adiectiva
1056 703 1215 755 πένητι
1238 706 1336 745 cett.
1358 704 1568 746 enuntiati
1590 704 1683 748 loco
1702 705 1845 759 posita
1876 719 1975 750 con-

414 773 566 815 cessivi
598 774 793 827 indigent
823 774 1050 827 participio
1085 772 1180 815 ὄντι
1212 774 1370 817 addito.

534 844 581 886 In
607 844 780 886 Anach.
805 843 860 886 23
893 845 1233 897 spectaculorum
1266 845 1349 886 vim
1369 844 1568 887 Socrates
1599 844 1750 887 laudat
1788 847 1842 888 ad
1873 847 1975 903 edu-

417 916 627 957 cationem
662 915 967 968 pertinentem.
1022 915 1101 966 Qui
1135 928 1228 958 cum
1261 916 1328 957 his
1362 915 1504 957 verbis
1536 915 1664 958 finem
1694 915 1844 959 faciat:
1875 917 1977 975 τού-

415 999 510 1038 τοις
558 985 595 1027 δ’
633 984 714 1027 οὖν
761 985 904 1034 ἅπασι
944 987 1018 1028 καὶ
1050 990 1148 1038 τοῖς
1180 987 1404 1038 τοιούτοις
1436 985 1863 1041 παραθηγόμενοι
1893 987 1977 1041 τὰς

416 1056 567 1110 ψυχὰς
608 1057 819 1110 ἀμείνους
850 1057 959 1110 ἡμῖν
992 1059 1229 1110 γίγνονται,
1268 1059 1506 1100 subiectum
1539 1058 1810 1100 desideratur
1841 1059 1975 1102 totius

417 1130 641 1170 enuntiati.
707 1129 915 1178 Quoniam
963 1133 1104 1171 autem
1154 1130 1353 1171 universa
1403 1129 1492 1171 eius
1527 1128 1657 1170 verba
1690 1130 1745 1172 ad
1775 1130 1975 1173 iuvenum

414 1204 613 1252 spectant
660 1200 970 1252 educationem,
1020 1201 1244 1253 scripsisse
1291 1204 1395 1254 puto
1442 1200 1677 1243 Lucianum
1709 1199 1975 1255 παραθηγό-

414 1285 572 1323 μενοι
605 1272 653 1312 οἱ
684 1272 812 1313 νέοι.

532 1342 582 1384 In
600 1341 775 1385 Anach.
795 1342 852 1386 24
870 1343 990 1385 deest
1010 1343 1235 1385 obiectum.
1254 1342 1373 1388 ¹Nam
1389 1343 1503 1385 idem
1521 1342 1722 1386 Socrates
1742 1343 1971 1396 gymnasti-

415 1424 557 1454 carum
576 1414 807 1456 utilitatem
826 1414 1034 1456 extollens
1052 1415 1423 1456 exercitationum:
1451 1412 1591 1467 δῆλον
1608 1412 1705 1466 γὰρ,
1728 1414 1880 1467 inquit,
1905 1411 1975 1456 ὅτι

413 1485 487 1524 καὶ
506 1483 709 1538 πολεμίῳ
731 1484 859 1538 ἀνδρὶ
878 1484 900 1527 ὁ
919 1487 1126 1537 τοιοῦτος
1145 1484 1422 1537 συμπλακεὶς
1439 1486 1712 1537 καταρρίψει
1728 1497 1776 1526 τε
1798 1483 1973 1528 ’θᾶττον

414 1553 727 1608 ὑποσκελίσας.
799 1557 947 1597 Nonne
1004 1556 1260 1598 coniciemus
1313 1560 1411 1609 post
1466 1556 1714 1598 adverbium
1767 1553 1972 1599 θᾶττον

414 1627 620 1669 excidisse
656 1627 707 1669 ob
744 1628 945 1669 (luctuum
979 1628 1303 1670 similitudinem
1337 1627 1528 1669 αὐτόν’.>

530 1697 702 1750 Duplici
736 1699 927 1740 eiusdem
961 1699 1128 1752 generis
1152 1699 1256 1739 vitio
1281 1699 1480 1740 laborare
1503 1698 1673 1740 videtur
1695 1696 1869 1740 Toxar.
1893 1695 1971 1740 50.

414 1768 654 1810 Lonchates
688 1770 847 1811 amicus
881 1771 1029 1822 amico,
1065 1770 1138 1823 qui
1161 1770 1433 1822 Leucanoris,
1465 1770 1809 1822 Bosporanorum
1841 1768 1970 1821 regis,

413 1837 545 1880 filiam
567 1840 610 1881 in
638 1841 955 1882 matrimonium
983 1854 1074 1882 cum
1099 1842 1340 1894 postularet
1362 1840 1576 1894 repulsam
1600 1840 1775 1892 tulerat,
1808 1839 1972 1893 pollici-

414 1914 483 1951 tus
503 1914 568 1952 est
586 1924 679 1953 sese
699 1913 813 1965 regis
832 1916 960 1965 caput
978 1913 1165 1954 decisum
1185 1912 1226 1953 in
1246 1904 1432 1965 patriam
1450 1923 1591 1953 secum
1612 1922 1706 1953 esse
1723 1911 1971 1953 relaturum.

415 1980 493 2030 Qui
527 1982 570 2023 in
593 1982 852 2035 Bosporanis
882 1983 1182 2036 peregrinatus
1206 1996 1250 2024 se
1275 1983 1514 2035 pactionem
1538 1983 1749 2036 quandam
1767 1982 1972 2024 initurum

413 2052 617 2093 simulans
647 2054 899 2096 adhortatus
930 2058 996 2096 est
1025 2067 1181 2106 regem,
1212 2058 1259 2095 ut
1286 2053 1561 2095 iurisiurandi
1594 2065 1721 2095 causa
1753 2054 1795 2094 in
1814 2052 1966 2094 Martis

412 2123 618 2175 templum
661 2137 803 2167 secum
850 2125 1046 2167 intraret.
1114 2125 1204 2166 Iam
1246 2125 1473 2177 legendum
1520 2136 1690 2166 censeo:
1731 2122 1968 2177 Εἰσίωμεν,

413 2192 501 2247 ἔφη
536 2193 559 2235 ὁ
581 2193 804 2248 βασιλεύς,
826 2228 1100 2240 ..........
1135 2196 1231 2237 ἐπεὶ
1264 2194 1311 2237 ὁὲ-
1346 2196 1387 2236 οῑ
1417 2195 1500 2248 μὲν
1523 2193 1753 2248 εἰσῆλθον,
1778 2195 1820 2236 οἱ
1841 2193 1969 2248 δορυ-

417 2265 551 2318 φόροι
598 2265 646 2307 (δὲ
690 2267 966 2320 ἀπέστησαν,
1017 2267 1346 2320 σπασάμενος
1393 2266 1611 2319 ἐκεῖνος
1642 2264 1722 2308 τὸν
1755 2264 1969 2318 ἀκινάκην

418 2336 615 2389 ἐπισχὼν
647 2340 702 2390 τῇ
736 2337 867 2391 ἑτέρᾳ
898 2339 1098 2380 τούτου
1130 2337 1188 2379 τὸ
1223 2337 1381 2391 στόμα,
1427 2337 1490 2389 ὡς
1521 2337 1582 2391 μὴ
1615 2336 1806 2391 βοήσειε,
1848 2334 1968 2378 παίει

415 2406 540 2460 παρὰ
562 2406 641 2449 τὸν
663 2410 849 2461 μαστόν.
884 2411 1052 2452 Desunt
1068 2411 1110 2451 in
1129 2410 1250 2452 libris
1269 2410 1523 2463 pronomina
1541 2409 1713 2460 ἐκεῖνος
1730 2411 1775 2450 et
1790 2406 1966 2454 τούτου.

414 2477 530 2527 Quae
576 2479 659 2521 nisi
708 2485 832 2522 crunt
864 2482 1079 2534 restituta,
1129 2494 1211 2524 non
1245 2482 1408 2534 poterit
1440 2480 1648 2533 intellegi,
1697 2483 1793 2521 uter
1824 2481 1965 2532 utrum

416 2550 647 2591 necaverit.

530 2619 579 2661 In
598 2620 722 2664 Dial.
757 2623 927 2664 marin.
958 2623 1069 2666 XIV
1091 2625 1131 2675 4,
1165 2623 1237 2665 ubi
1270 2623 1538 2676 Iphianassa,
1573 2622 1704 2665 Nerei
1735 2620 1837 2673 filia,
1870 2630 1966 2671 con-

414 2690 607 2742 queritur
630 2692 926 2735 Andromedae
959 2698 1131 2747 sortem,
1167 2707 1275 2748 quae
1310 2693 1417 2735 nihil
1448 2693 1549 2735 mali
1584 2692 1845 2736 commiserit
1864 2700 1967 2743 erga

415 2759 638 2815 Nereidas,
687 2762 728 2804 εἴ
757 2776 798 2805 τι
844 2764 872 2817 ἡ
905 2765 1054 2818 μήτηρ
1089 2763 1435 2818 ἐμεγαλαυχεῖτο
1469 2764 1544 2805 καὶ
1573 2762 1699 2817 ἠξίου
1731 2759 1966 2818 καλλίων
