2039 3188
1041 156 1095 196 34

289 276 359 330 (cf.
395 277 496 316 567:
533 274 678 315 limina
712 273 900 328 Vestae),
950 274 1038 316 sive
1087 274 1322 327 cogitamus
1370 275 1422 317 de
1454 278 1664 317 tectorum
1695 275 1842 320 limine

289 346 358 401 (ef.
394 347 491 398 508)
525 349 599 386 aut
630 345 681 385 de
714 344 849 396 primo
882 344 1028 385 limine
1061 343 1128 398 (cf.
1163 346 1246 386 469
1282 349 1325 386 et
1357 347 1475 398 485).
1541 345 1625 388 Sed
1657 350 1724 389 est
1755 347 1843 390 alia

290 417 417 459 etiam
437 428 577 467 causa,
598 416 727 457 curin
747 415 813 456 his
831 414 1023 457 versibus
1043 415 1316 459 haesitemus.
1340 417 1447 459 Nam
1467 420 1616 460 trunco
1635 422 1679 459 et
1695 418 1840 461 avolso

289 488 444 529 umeris
479 486 619 538 eapite
652 486 991 527 commemoratis
1024 485 1215 529 abundat
1246 500 1327 530 vox
1359 489 1554 541 ‘corpus'.
1621 489 1720 531 'l'ria
1751 489 1841 531 sive

288 560 329 600 in
362 558 488 599 litore
521 558 610 599 sive
638 557 679 598 in
702 556 846 597 limine
870 556 1009 599 iacere
1031 557 1249 599 videntur:
1273 561 1462 611 truncus,
1497 564 1637 612 caput,
1671 572 1840 613 corpus.

288 630 617 679 Aberraverunt‚
669 627 831 680 opinor,
882 627 983 669 olim
1022 628 1189 671 scribae
1220 628 1400 670 alicuius
1433 630 1543 672 oculi
1575 631 1628 673 ab
1661 631 1841 674 alterius

287 712 434 742 versus
468 700 582 742 exitu
615 698 668 739 ad
700 698 886 740 alterum
917 699 992 751 ita,
1027 703 1076 741 ut
1109 703 1298 741 extrema
1331 701 1551 742 amborum
1572 702 1703 745 verba
1728 704 1841 746 inter

287 784 333 813 se
367 773 739 812 commutarentur.
804 769 920 820 Quae
953 782 1075 812 suum
1106 775 1335 824 utrumque
1375 772 1418 814 in
1451 772 1588 814 locum
1620 775 1839 826 restituas,

287 842 444 895 quippe
494 854 585 882 611111
635 842 676 881 111
711 840 843 882 schol.
877 841 1196 884 Veronensibus
1230 844 1320 896 (97,
1344 845 1414 896 19)
1447 844 1566 895 prior
1598 855 1747 886 versus
1779 846 1841 887 ita

288 913 461 954 citetur:
485 912 611 953 ‘iacet
627 911 777 965 ingens
795 911 921 954 litore
941 913 1120 965 eorpus'.
1157 913 1246 963 Quo
1264 913 1376 956 facto
1398 913 1503 956 haec
1521 914 1729 957 efficietur
1746 927 1842 958 sen-

287 984 442 1025 tentia:
462 983 546 1034 „Es
564 982 670 1035 liegt
687 983 763 1024 der
781 983 1006 1037 gewaltige
1018 983 1245 1026 Leiehnam
1264 985 1338 1026 auf
1353 985 1653 1038 derSehwelle,
1672 986 1740 1028 ein
1760 999 1841 1030 von

287 1055 367 1096 den
400 1054 625 1096 Schultern
658 1056 905 1106 getrenntes
938 1055 1085 1108 Haupt
1122 1056 1207 1097 und
1241 1056 1307 1098 ein
1341 1057 1608 1099 namenloser
1639 1057 1840 1111 Rumpf“.

402 1125 450 1167 In
483 1125 623 1178 Verg.
657 1124 770 1167 Aen.
805 1125 885 1167 VII
921 1128 1000 1167 131
1037 1126 1141 1168 haee
1173 1126 1394 1180 leguntur:
1885 1118 1887 1120 ’

391 1197 506 1247 Quae
538 1196 643 1244 loca,
679 1198 803 1250 quive
835 1197 1024 1240 habeant
1056 1198 1261 1247 homines,
1295 1198 1367 1240 ubi
1398 1199 1566 1242 moenia
1599 1200 1750 1253 gentis,

389 1269 674 1320 Vestigemus.

286 1339 394 1390 Quid
441 1340 527 1381 sint
574 1340 758 1381 ‘moenia
796 1340 949 1392 gentis’
986 1353 1051 1383 me
1084 1341 1248 1383 nescire
1280 1340 1431 1383 fateor.
1497 1341 1662 1384 Collato
1695 1346 1837 1384 autem

284 1423 409 1453 versu
446 1412 546 1452 153:

487 1481 668 1524 Centum
700 1486 894 1525 oratores
927 1486 1110 1535 augusta
1143 1484 1197 1525 ad
1229 1484 1398 1526 moenia
1430 1485 1572 1537 regis

484 1553 554 1596 Ire
587 1554 718 1604 iubet,

283 1624 350 1666 hie
382 1637 550 1678 quoque
583 1624 817 1667 scribemus
851 1625 1039 1667 ‘moenia
1070 1626 1246 1678 regis’.

399 1696 448 1738 In
480 1696 594 1740 Hor.
629 1709 771 1738 carm.
795 1695 891 1738 132
924 1696 966 1738 in
1001 1697 1074 1749 eis,
1109 1709 1219 1750 quae
1252 1697 1294 1739 in
1327 1696 1412 1739 fine
1444 1697 1693 1741 traduntur:

1277 1769 1466 1821 supremi

626 1839 761 1881 Grata
792 1838 963 1880 testudo
997 1838 1124 1887 Iovis,
1158 1852 1180 1881 o
1214 1839 1408 1881 laborum

624 1910 759 1952 Dulce
791 1910 974 1952 lenimen
1007 1910 1129 1951 mihi
1163 1922 1372 1964 cumque
1406 1911 1522 1953 salve

706 1981 805 2022 Rite
841 1980 1011 2022 vocanti

283 2065 407 2096 voces
441 2052 557 2094 ‘mihi
591 2051 780 2105 cumque’
832 2063 918 2093 non
950 2051 1058 2094 bene
1090 2055 1271 2104 possunt
1307 2051 1521 2105 explicari.
1584 2051 1692 2093 Nam
1725 2052 1840 2105 quod

283 2128 395 2177 sunt,
430 2125 501 2178 qui
535 2124 795 2166 contendant
811 2123 1038 2165 Horatium
1069 2127 1262 2165 veterum
1295 2126 1518 2176 poetarum
1550 2135 1672 2165 usum
1701 2122 1839 2165 videri

285 2208 379 2238 esse
412 2198 603 2238 secutum
634 2196 895 2248 laudentque
916 2194 1105 2236 Lucretii
1127 2194 1168 2235 II
1196 2207 1233 2237 v.
1262 2196 1343 2235 114
1378 2198 1420 2236 et
1441 2194 1478 2236 V
1500 2207 1537 2236 v.
1562 2195 1661 2247 312,
1695 2193 1841 2236 Kiess-

283 2266 416 2320 lingio
449 2266 673 2318 assentior,
717 2266 789 2319 qui
822 2266 954 2308 dicat:
1009 2266 1147 2313 „denn
1181 2277 1359 2318 cumque
1391 2266 1447 2306 im
1481 2264 1611 2308 Sinne
1643 2265 1718 2308 des
1750 2264 1840 2307 vul-

286 2342 418 2391 garen
451 2338 799 2391 quandocumque
835 2336 1064 2389 ‘jederzeit’
1100 2349 1151 2378 zu
1182 2336 1336 2388 fassen,
1369 2336 1580 2379 verbietet
1611 2335 1740 2378 sehon
1763 2335 1840 2377 der

285 2408 401 2462 Sinn,
434 2409 509 2451 der
541 2408 634 2450 hier
666 2408 735 2450 die
757 2407 1001 2460 Beziehung
1029 2407 1104 2450 auf
1123 2408 1191 2450 die
1212 2408 1485 2460 vorliegende
1507 2405 1837 2459 Aufforderung,

287 2480 354 2522 ein
401 2480 581 2522 latinum
614 2492 783 2522 carmen
816 2479 1138 2531 anzustimmen‚
1186 2479 1397 2522 heischt“.
1459 2478 1605 2520 Simile
1637 2477 1841 2520 iudicium

286 2551 330 2592 in
383 2551 734 2594 adnotationibus
782 2553 923 2592 exstat
960 2550 1006 2594 L.
1047 2550 1232 2592 Miilleri.
1281 2550 1367 2592 Alii
1414 2549 1499 2591 alia
1539 2549 1609 2591 1116
1652 2549 1840 2591 coniece-

287 2626 387 2663 runt
445 2623 645 2666 editores.
738 2622 882 2665 Veluti
928 2621 1150 2664 Bentleius
1199 2621 1442 2664 emendavit
1490 2620 1609 2662 ‘mihi
1657 2619 1836 2674 cuique’‚

288 2692 610 2748 Peerlkampius
659 2694 775 2736 ‘mihi
822 2693 981 2748 tuque'.
1046 2693 1130 2736 Sed
1177 2697 1294 2735 reete
1341 2693 1500 2735 1111116111
1548 2705 1598 2735 ex
1644 2691 1838 2735 omnibus

289 2765 541 2808 coniecturis
587 2765 744 2819 probat
775 2765 1062 2819 Kiesslingius
1094 2765 1177 2808 nisi
1208 2764 1468 2807 Lachmanni
1504 2762 1837 2816 ‘medicumque',
