2039 3188
931 183 984 222 27

182 302 226 343 id
259 301 371 354 quod
403 300 485 342 nisi
517 310 594 351 per
625 298 806 339 ironiam
838 297 1030 350 intellegi
1063 310 1145 339 non
1178 300 1340 349 potest,
1375 297 1449 338 sed
1482 309 1566 338 una
1587 296 1735 339 littera

182 374 348 413 mutata
379 368 624 423 primariam
658 368 921 420 reperiemus
954 368 1202 409 lectionem:
1236 366 1356 408 πάνυ
1388 366 1471 419 μὲν
1503 368 1690 419 κακῶς.

301 440 511 481 Homerus
544 442 673 491 poeta
705 439 818 490 quod
838 438 1016 480 Hectori
1045 438 1099 479 ad
1120 438 1306 489 ingentis
1332 437 1409 478 viri
1432 438 1563 479 robur
1584 438 1736 488 ingens

186 509 486 553 illustrandum
520 508 672 550 tribuit
704 506 831 560 ἔγχος
858 506 1151 560 ἑνδεκάπηχυ,
1198 519 1320 549 nemo
1355 511 1420 548 est
1450 508 1522 560 qui
1545 508 1736 550 miretur.

183 581 240 622 At
273 580 381 632 quod
413 580 456 620 in
478 578 804 632 Xenophontis
821 578 962 621 Anab.
997 578 1062 620 IV
1094 577 1136 630 Ἰ,
1170 577 1222 619 16
1261 576 1470 631 Chalybes
1510 581 1740 619 narrantur

183 651 385 693 habuisse
418 648 529 702 δόρυ
564 648 628 700 ὡς
659 647 980 690 πεντεκαίδεκα
1013 648 1208 701 πήχεων,
1242 648 1353 689 hunc
1385 648 1522 689 locum
1555 652 1603 689 ut
1630 649 1739 690 inte-

188 734 311 775 grum
359 721 554 773 iudicem,
603 732 686 761 non
735 731 906 771 possum
955 719 1121 761 adduci.
1186 718 1334 771 Neque
1388 719 1499 760 enim
1548 719 1739 770 quamvis

188 792 367 834 robusta
428 789 560 832 fuerit
612 789 846 841 Chalybum
922 801 1039 841 gens,
1133 787 1226 830 fieri
1299 792 1456 840 potest,
1519 792 1567 829 ut
1618 789 1743 830 hasta

186 866 334 904 tantae
366 860 649 913 longitudinis
686 860 810 900 unius
843 859 924 900 viri
956 859 1153 900 manibus
1186 862 1408 900 moveatur
1441 862 1483 900 et
1515 858 1739 910 dirigatur.

187 932 382 974 Genuina
399 931 526 972 lectio
545 930 676 972 fuisse
694 930 862 971 videtur
881 928 950 980 ὡς
968 927 1001 970 ε’
1016 929 1231 982 πήχεων
1249 929 1453 982 (quinque
1465 928 1741 984 cubitorum);

187 1015 296 1056 quae
342 1001 469 1044 lectio
509 1001 572 1042 ita
603 1000 827 1053 inquinata
860 1003 937 1051 est,
986 1003 1035 1041 ut
1066 1000 1238 1041 litterae
1271 999 1480 1041 numerali
1513 997 1550 1040 ε’
1581 1002 1744 1041 temere

187 1071 500 1126 praefigeretur
532 1071 681 1113 littera
713 1085 739 1122 ι,
774 1083 858 1123 qua
888 1070 1125 1112 mutatione
1148 1069 1262 1112 facta
1284 1070 1436 1112 hastae
1459 1070 1502 1111 in
1528 1070 1744 1122 triplicem

190 1143 334 1186 subito
369 1146 610 1185 crescerent
639 1141 962 1193 longitudinem.

306 1213 467 1255 Eodem
513 1213 637 1255 modo
687 1216 910 1264 corruptos
958 1211 1152 1264 suspicor
1200 1211 1305 1253 duos
1352 1210 1468 1252 locos
1508 1223 1558 1251 ex
1598 1210 1745 1252 latinis

188 1284 347 1326 litteris
396 1287 602 1336 sumptos.
680 1281 808 1325 Caes.
842 1282 896 1325 de
928 1282 1058 1325 bello
1092 1281 1205 1334 gall.
1241 1281 1324 1324 vll
1348 1280 1402 1322 23
1448 1279 1627 1322 formam
1675 1281 1746 1322 de-

190 1354 339 1397 scribit
371 1366 587 1396 murorum
628 1353 899 1395 Gallicorum.
967 1352 1080 1403 Quos
1115 1365 1164 1395 ex
1193 1352 1388 1394 trabibus
1428 1351 1614 1403 directis,
1654 1363 1746 1403 per-

189 1425 330 1478 petuis
362 1425 405 1466 in
438 1424 762 1476 longitudinem,
797 1424 919 1465 binos
953 1424 1084 1476 pedes
1117 1423 1230 1465 inter
1263 1435 1308 1464 se
1332 1422 1606 1471 distantibus,
1640 1433 1748 1474 quae

190 1495 402 1537 introrsus
434 1495 746 1537 revincirentur
780 1498 822 1535 et
850 1494 984 1536 multo
1009 1506 1166 1547 aggere
1188 1494 1463 1545 vestirentur,
1499 1504 1592 1534 esse
1613 1491 1748 1534 factos

190 1566 460 1618 trabiumque
508 1564 735 1606 intervalla
782 1564 1013 1616 grandibus
1062 1565 1104 1606 in
1138 1564 1278 1606 fronte
1311 1563 1425 1604 saxis
1459 1575 1553 1605 esse
1586 1562 1748 1605 effarta.

190 1637 241 1678 Ei
309 1640 452 1678 autem
516 1635 702 1676 trabium
771 1647 1053 1687 saxorumque
1121 1634 1258 1676 ordini
1329 1634 1518 1675 eiusdem
1581 1633 1750 1686 generis

193 1707 362 1749 ordines
411 1706 610 1758 deinceps
660 1718 752 1747 esse
785 1705 980 1757 iniectos,
1030 1705 1128 1746 dum
1178 1705 1292 1746 iusta
1323 1705 1433 1745 muri
1466 1703 1648 1745 altitudo
1682 1716 1750 1745 ex-

194 1778 400 1831 pleretur.
464 1777 512 1817 Id
546 1788 652 1828 opus
686 1779 729 1817 et
761 1776 813 1817 ab
846 1776 1042 1818 incendio
1075 1776 1218 1828 lapide
1253 1778 1295 1817 et
1328 1775 1379 1816 ab
1413 1775 1548 1817 ariete
1582 1773 1751 1817 defendi

194 1848 388 1899 materia,
439 1847 590 1900 ‘quae'‚
639 1847 790 1899 iuquit,
842 1847 1074 1899 ‘perpetuis
1108 1846 1301 1888 trabibus
1335 1847 1494 1898 pedes
1528 1846 1751 1898 quadra-

197 1930 356 1971 genos
403 1917 654 1970 plerumque
701 1918 914 1959 introrsus
962 1918 1153 1959 revincta
1194 1929 1331 1970 neque
1364 1917 1583 1970 perrumpi
1616 1928 1754 1969 neque

197 1988 379 2031 distrahi
402 1987 574 2041 potest’.
619 1988 780 2038 Quibus
804 1988 847 2029 in
870 1988 1012 2030 verbis
1036 2001 1118 2041 quo
1141 1987 1383 2029 referantur
1407 1988 1550 2040 ‘pedes
1573 1988 1754 2040 quadra-

197 2060 358 2113 genos',
407 2059 626 2100 haesitant
672 2062 946 2111 interpretes.
1024 2058 1194 2100 Etenim
1243 2062 1352 2109 sunt,
1395 2058 1467 2111 qui
1521 2063 1754 2111 perpetuas

197 2131 341 2173 trabes
375 2142 460 2181 eas,
507 2141 615 2182 quae
649 2130 690 2171 in
724 2130 930 2171 interiore
961 2129 1072 2170 muri
1104 2133 1228 2181 parte
1261 2130 1448 2170 directas
1480 2129 1577 2170 illas
1610 2128 1755 2170 trabes

197 2198 485 2254 revincirentffi
517 2200 708 2253 singulas
744 2201 888 2253 ‘pedes
922 2200 1231 2252 quadragenos’
1267 2199 1398 2241 fuisse
1421 2200 1571 2252 longas
1608 2199 1755 2242 existi-

197 2276 314 2315 ment
336 2272 516 2324 ideoque
543 2271 760 2323 corrigant
784 2272 951 2324 ‘pedum
975 2268 1321 2323 quadragenum’.
1373 2270 1504 2321 Quam
1528 2270 1756 2311 lectionem

200 2334 251 2385 in*
275 2342 436 2395 Mengii
471 2342 658 2384 editione
690 2343 875 2395 repperi.
925 2342 1042 2383 Idem
1076 2341 1218 2383 nescio
1252 2354 1333 2393 quo
1369 2341 1615 2382 adiumento
1638 2341 1755 2382 nisus

200 2415 243 2455 in
289 2414 412 2455 initio
462 2413 613 2466 capitis
652 2413 781 2454 verba
816 2413 990 2454 ‘Trabes
1024 2413 1212 2454 directae
1244 2412 1490 2465 perpetuae’
1527 2414 1758 2453 commutat

201 2486 245 2526 in
296 2483 470 2525 ‘Trabes
509 2484 696 2525 directae
729 2483 829 2525 XIV
861 2483 1045 2536 pedum’.
1112 2483 1359 2535 Quicunque
1407 2486 1549 2524 autem
1597 2481 1759 2523 tradita

201 2555 333 2596 verba
379 2555 567 2596 retinent
610 2567 692 2596 non
725 2557 904 2605 mutata,
954 2566 1045 2595 cum
1080 2553 1365 2594 accusativum
1399 2553 1543 2605 ‘pedes
1577 2552 1758 2605 quadra-

205 2625 347 2679 genos⁷
401 2638 451 2666 ex
496 2625 637 2667 verbis
687 2625 921 2678 ‘perpetuis
959 2624 1165 2666 trabibus’
1201 2624 1389 2676 pendere
1422 2636 1504 2664 non
1537 2634 1664 2675 posse
1696 2622 1759 2663 in-

201 2696 425 2750 tellegant,
475 2708 523 2737 eo
572 2709 746 2738 numero
779 2697 822 2738 id
855 2696 984 2749 spatii
1017 2695 1159 2737 notari
1191 2695 1463 2748 contendunt,
1513 2693 1624 2746 quod
1647 2693 1760 2734 inter

204 2767 314 2808 muri
360 2766 544 2809 frontem
590 2767 887 2810 interiacuerit
925 2770 968 2808 et
1012 2766 1124 2808 inter
1157 2765 1300 2808 trabes
1334 2765 1430 2806 illas
1463 2764 1758 2807 revincientes.
