2039 3188
927 193 981 233 25

164 312 318 353 missus
351 311 405 352 ad
436 309 600 352 Dianae
632 309 730 351 inde
764 309 1036 352 simulacrum
1069 307 1345 351 auferendum
1379 307 1484 350 deae
1517 308 1722 361 templum

168 381 435 434 conspicatus
475 380 690 434 Pyladem,
738 380 934 422 laborum
967 381 1139 430 socium,
1189 378 1442 429 interrogat,
1492 378 1592 431 quid
1623 378 1725 422 faci-

164 453 317 495 endum
385 452 459 502 sit;
531 451 661 493 altam
732 451 843 493 enim
912 463 1130 492 murorum
1181 449 1458 491 munitionem
1522 451 1727 504 conspici:

482 523 668 575 πότερα,
702 521 854 575 inquit,
890 519 1118 573 δωμάτων
1150 518 1489 573 προσαμβάσεις

378 591 769 646 ἐκβησόμεσθα»,-
802 594 902 643 πῶς
936 589 990 633 ἂν
1024 589 1105 633 οὗν
1136 590 1365 644 μάθοιμεν
1414 589 1493 641 ἄν,·

377 663 404 717 ἢ
436 663 744 717 χαλκότευκτα
777 661 958 716 κλῆθρα
999 663 1225 716 μύσαντες
1257 659 1458 714 μοχλοῖς,

384 733 449 775 ὧν
483 733 615 776 οὐδὲν
650 734 798 787 ἴσμεν,·
835 732 892 786 ἢν
926 732 962 774 δ’
997 732 1253 785 ἀνοίγοντες
1285 729 1435 782 πύλας

380 803 637 858 ληφθῶμεν
671 803 945 858 εἰσβάσεις
977 815 1025 845 τε
1056 802 1389 856 μηχανώμενοι,

382 873 652 928 θανούμεθ’.

285 946 366 989 Hic
415 947 458 988 in
507 959 632 988 versu
680 947 734 987 97
783 949 899 988 recte
946 957 1023 997 pro
1073 942 1314 996 δωμάτων,
1355 942 1469 995 quod
1515 943 1558 984 in
1608 941 1729 984 libris

167 1018 470 1071 manuscriptis
505 1021 657 1069 exstat,
693 1017 928 1059 correxisse
966 1016 1135 1057 videtur
1167 1013 1457 1056 Kirchhoffius
1480 1012 1727 1066 κλιμάκων,

171 1100 254 1141 qua
301 1100 394 1130 cum
442 1100 544 1130 voce
593 1101 745 1130 nomen
787 1084 1103 1140 προσάμβασις
1143 1084 1233 1127 fere
1266 1085 1424 1137 ubique
1458 1084 1729 1126 coniunctum

170 1163 236 1201 est
274 1160 386 1212 apud
425 1160 612 1212 tragicos
651 1163 815 1212 poetas.
881 1159 937 1199 At
968 1169 1070 1199 vero
1119 1168 1196 1208 pro
1229 1153 1555 1208 ἐμβησόμεσθα
1587 1166 1729 1196 nonne

167 1229 394 1283 legendum
428 1231 484 1272 sit
517 1227 924 1283 εἰσβησόμεσθα
958 1232 1000 1270 et
1033 1240 1110 1281 pro
1138 1223 1478 1279 προσαμβάσεις
1499 1225 1730 1267 restituen-

172 1301 270 1343 dum
291 1299 699 1354 προσαμβάσειῖ
742 1300 818 1342 Cui
841 1299 1002 1341 nomini
1021 1311 1112 1340 cum
1134 1311 1155 1349 ς
1173 1297 1381 1339 assuisset
1402 1299 1564 1338 temere
1587 1296 1728 1338 scriba

171 1371 340 1424 aliquis,
386 1375 551 1425 postea,
602 1384 654 1413 ne
687 1375 826 1413 totum
860 1369 1128 1412 enuntiatum
1161 1380 1289 1410 sensu
1322 1370 1503 1421 careret,
1553 1378 1728 1409 necesse

171 1446 264 1483 erat
311 1443 469 1484 mutari
517 1440 684 1495 εἰσβησ.
734 1442 776 1483 in
811 1439 961 1494 ἐκβησ.
1024 1439 1115 1481 Iam
1152 1441 1281 1481 antea
1322 1441 1464 1479 autem
1498 1438 1636 1479 locum
1669 1437 1731 1479 ita

170 1513 357 1556 arbitror
377 1514 612 1565 turbatum,
636 1517 684 1555 ut
706 1524 854 1555 versus
888 1513 943 1553 98
979 1514 1022 1552 et
1055 1512 1108 1552 99
1143 1510 1256 1551 inter
1278 1521 1324 1551 se
1349 1512 1726 1550 commutarentur.

167 1583 276 1625 Nam
308 1587 357 1626 ut
387 1596 557 1627 versum
586 1585 640 1625 99
678 1596 771 1626 cum
803 1581 1071 1624 Weckleinio
1104 1593 1182 1634 pro
1216 1579 1361 1632 spurio
1394 1579 1589 1631 habeam,
1623 1579 1727 1620 mihi

166 1666 250 1696 non
302 1666 476 1707 possum
528 1655 800 1708 persuadere.
879 1653 991 1704 Quos
1055 1663 1202 1694 versus
1256 1650 1293 1692 si
1346 1662 1467 1691 suum
1516 1661 1727 1703 quemque

166 1724 210 1767 in
257 1725 395 1767 locum
448 1725 778 1776 restituerimus,
834 1723 1001 1776 virgula
1053 1723 1167 1764 inter
1232 1718 1288 1761 ἄν
1351 1724 1395 1762 et
1457 1718 1522 1761 ὧν
1583 1720 1728 1773 posita

164 1795 271 1838 haec
326 1796 477 1838 evadet
523 1796 760 1838 sententia:
812 1794 979 1837 ‘Utrum
1028 1792 1239 1835 scalarum
1288 1803 1468 1833 ascensu
1508 1802 1560 1832 an
1594 1803 1728 1833 aenea

165 1866 353 1909 claustra
385 1867 575 1909 vectibus
615 1867 857 1920 aperientes
890 1863 1173 1906 intrabimus?
1207 1862 1328 1904 Unde
1361 1861 1625 1914 reperiemus
1659 1873 1723 1913 ea,

163 1949 341 1990 quorum
375 1936 436 1992 (et
469 1939 679 1980 scalarum
714 1941 756 1980 et
788 1935 989 1987 vectium)
1023 1934 1129 1976 nihil
1162 1934 1345 1975 scimus?
1394 1932 1554 1983 Quodsi
1585 1932 1726 1985 aperi-

165 2011 284 2050 entes
335 2012 483 2062 portas
538 2008 836 2062 comprehensi
889 2007 1045 2048 erimus
1100 2008 1143 2047 et
1194 2004 1418 2046 introitum
1471 2001 1721 2054 efficientes,

165 2079 425 2122 moriemur’.

282 2148 485 2193 Galenus
529 2162 583 2190 π.
632 2149 792 2205 ψυχῆς
839 2151 965 2191 παθ.
1012 2145 1188 2189 11110:
1244 2145 1308 2187 ‘Si
1353 2143 1509 2186 socius'
1569 2143 1723 2196 inquit,

165 2221 303 2273 ‘quem
326 2221 380 2262 ad
403 2219 578 2262 affectus
601 2221 644 2262 in
667 2225 709 2262 te
733 2218 1021 2262 observandos
1046 2220 1088 2258 et
1111 2215 1384 2267 castigandos
1422 2214 1501 2256 tibi
1525 2214 1725 2267 adsump-

164 2291 283 2343 seris,
334 2294 449 2333 certo
482 2291 688 2344 temporis
737 2290 877 2343 spatio
925 2288 1150 2330 interiecto
1199 2286 1305 2328 nihil
1352 2297 1398 2327 se
1442 2285 1599 2326 dixerit
1631 2285 1723 2327 eius

164 2361 278 2403 modi
310 2361 353 2402 in
386 2365 428 2403 te
461 2362 688 2413 invenisse,
724 2373 825 2403 cave
858 2361 951 2402 ideo
987 2359 1135 2401 credas
1169 2357 1309 2399 subito
1342 2360 1386 2398 te
1414 2368 1566 2398 vacare
1599 2354 1722 2397 affec-

163 2432 291 2483 tibus,
326 2433 400 2474 sed
432 2433 614 2474 amicum
646 2432 726 2475 tibi
758 2431 1018 2484 persuadeas
1052 2432 1127 2471 aut
1158 2428 1437 2480 neglegenter
1459 2427 1646 2468 animum
1670 2426 1724 2467 ad

165 2504 208 2543 te
255 2514 339 2544 non
387 2503 625 2546 advertisse
657 2507 732 2545 aut
772 2501 964 2545 consulto
1008 2500 1209 2551 tacuisse,
1254 2498 1343 2540 sive
1385 2501 1428 2540 te
1473 2497 1722 2539 convincere

163 2573 404 2625 verebatur,
468 2575 556 2616 sive
619 2579 739 2616 tuum
785 2575 829 2615 in
877 2585 923 2615 se
971 2571 1114 2613 odium
1161 2581 1333 2611 movere
1384 2568 1570 2619 nolebat,
1627 2579 1721 2608 cum

162 2655 309 2685 verum
342 2644 504 2686 diceret
529 2677 708 2688 ......
723 2659 731 2686 :
772 2643 799 2697 ἢ
833 2645 908 2685 καὶ
940 2641 993 2684 δι’
1029 2639 1172 2693 ἄλλην
1205 2639 1284 2681 τιν’
1321 2639 1431 2690 ἴσως
1464 2639 1623 2688 αἰτίαν,
1665 2636 1722 2689 ἣν

167 2713 248 2755 οὐκ
280 2714 608 2768 ἐπαινοῦμεν
639 2716 782 2768 ἡμεῖς.
836 2714 1023 2757 Verbum
1056 2711 1330 2763 ἐπαινοῦμεν
1363 2709 1463 2763 quid
1497 2708 1578 2751 sibi
1602 2707 1719 2758 velit,

164 2796 231 2827 me
285 2787 449 2829 nescire
507 2786 642 2828 libere
699 2785 918 2839 profiteor.
1005 2783 1100 2825 Non
1156 2785 1244 2823 tam
1301 2781 1495 2831 interest,
1545 2779 1722 2821 laudan-
