2039 3188
894 156 944 194 19

140 272 227 312 καὶ
274 270 332 311 τὸ
382 270 526 322 αἷμα.
575 270 768 311 Alteram
814 271 965 312 horum
1012 270 1239 312 verborum
1285 272 1453 321 partem
1503 269 1694 322 spuriam

140 341 302 382 iudicat
334 340 418 381 iam
441 339 663 392 Spathius3
713 341 785 393 qui
819 353 892 382 cur
924 353 1007 382 non
1041 340 1295 393 expunxerit
1328 340 1480 387 omnia,
1517 352 1600 383 non
1622 341 1696 383 -in-

140 411 312 462 tellego.
384 409 472 451 Nec
517 421 600 451 non
652 410 824 452 exhibet
873 411 1099 452 molestum
1147 411 1359 462 glossema
1402 410 1572 452 libellus
1621 411 1695 463 qui

140 480 390 522 inscribitur
454 477 723 522 calumniae
785 491 878 523 non
938 480 1118 522 temere
1178 491 1280 523 esse
1343 480 1621 522 credendum
1646 480 1692 522 5:

140 550 234 592 ἔστι
265 550 418 591 τοίνυν
451 547 638 602 διαβολὴ
672 551 917 603 κατηγορία
949 562 1016 601 τις
1045 549 1093 602 ἐξ
1123 550 1310 602 ἐρημίας
1338 551 1566 603 γενομένη,
1600 550 1696 592 τὸν

140 619 624 672 κατηγορούμενον
656 618 942 673 λεληθυῖα.
998 620 1134 670 Quid‘?
1169 623 1358 662 extrema
1390 620 1522 662 verba
1554 633 1694 663 nonne

139 690 250 732 male
285 689 505 731 abundant
536 690 752 732 notionem
776 690 1033 742 explicantia
1056 689 1103 741 ἐξ
1124 689 1339 742 έρημίαςὶ)
1387 690 1696 732 Stultissimum

139 773 239 803 vero
265 761 615 812 additamentum,
651 761 812 812 opinor,
844 760 1017 802 exhibet
1039 760 1215 802 Piscat.
1240 759 1300 801 17.
1349 760 1560 801 Lucianus
1583 761 1695 802 enim

140 834 289 873 contra
320 830 515 872 inimicos
548 843 647 872 suos
681 831 724 872 in
747 831 867 871 litem
890 831 1028 872 iturus
1052 843 1077 871 a
1100 830 1294 871 Veritate
1317 830 1548 872 comitante
1570 831 1694 882 petit,

141 905 188 942 ut
210 901 455 953 Elenchum,
490 904 837 952 argumentorum
865 901 1003 952 deum,
1031 913 1107 943 suo
1130 901 1174 942 in
1196 900 1351 942 iudicio
1374 912 1547 942 manere
1569 901 1696 943 sinat.

121 970 194 1027 ,οὐ
212 971 308 1023 γάρ,
331 971 483 1023 inquit,
507 973 604 1022 τοῖς
625 972 807 1023 τυχοῦσι
828 969 899 1023 θη
914 972 1053 1023 ρίοις
1069 968 1445 1023 προσπολεμῆσαι
1462 969 1609 1023 δεήσει
1625 984 1695 1023 με,

141 1039 239 1082 ἀλλ’
282 1039 495 1092 ἀλαζόσιν
535 1039 803 1093 ἀνθρώποις
842 1041 916 1082 καὶ
957 1039 1277 1092 δυσελέγκτοις,
1328 1039 1397 1081 ἀεί
1427 1052 1553 1091 τινας
1585 1040 1696 1082 ἀπο-

141 1109 287 1164 φυγὰς
309 1110 653 1163 εὑρισκομένοις,
674 1108 791 1152 ὥστε
814 1109 1057 1162 ἀναγκαῖος
1080 1110 1103 1151 ὁ
1121 1108 1346 1163 Ἔλεγχος.
1381 1111 1490 1160 Quid
1508 1111 1695 1153 Luciano

139 1182 183 1222 in
230 1181 387 1222 iudicio
437 1180 535 1222 dum
582 1184 790 1231 versatur,
842 1193 935 1222 cum
982 1181 1160 1223 bestiis?
1223 1181 1325 1222 Cum
1373 1183 1470 1231 τοῖς
1509 1182 1697 1233 τυχοῦσι

140 1251 327 1304 oppositi
352 1254 495 1293 essent
518 1251 559 1292 οἱ
582 1249 800 1303 ἀλαζόνες
823 1249 1078 1303 ἄνθρωποι,
1113 1251 1270 1293 sciolus
1303 1251 1458 1304 aliquis
1491 1251 1546 1292 ad
1578 1251 1696 1292 illam

138 1334 283 1364 vocem
315 1321 396 1363 sibi
429 1321 646 1372 persuasit
678 1321 918 1362 addendum
951 1333 1045 1363 esse
1078 1319 1271 1374 θηρίοις,
1306 1321 1348 1361 id
1382 1321 1494 1373 quod
1528 1321 1580 1362 ab
1603 1321 1696 1362 uni-

138 1404 263 1434 versa
296 1392 510 1433 sententia
543 1391 713 1432 omnino
747 1391 963 1433 abhorret.

257 1462 391 1504 Venio
425 1473 536 1503 nunc
570 1461 623 1503 ad
657 1462 847 1504 eiusdem
876 1462 1045 1514 generis
1068 1461 1257 1512 mendam,
1292 1473 1402 1513 quae
1425 1461 1698 1503 inveniuntur

138 1533 253 1586 apud
285 1532 390 1573 alios
423 1532 655 1584 scriptores
690 1535 733 1573 et
765 1543 941 1585 graecos
977 1535 1019 1573 et
1050 1532 1221 1573 latinos.

256 1603 305 1643 In
327 1602 452 1644 Plat.
477 1601 622 1643 Polit.
646 1601 715 1643 35.
741 1601 834 1656 (in.)
866 1602 972 1643 haec
1000 1602 1202 1654 legimus:
1239 1602 1351 1654 φασὶ
1381 1600 1465 1654 γὰρ
1499 1600 1553 1654 δὴ
1588 1600 1696 1652 δεῖν,

140 1673 182 1714 εἴ
202 1685 267 1723 τις
299 1672 528 1724 γιγνώσκει
560 1671 708 1724 παρὰ
741 1671 868 1722 τοὺς
889 1674 982 1713 τῶν
1006 1670 1267 1724 ἔμπροσθεν
1287 1670 1494 1724 βελτίους
1515 1671 1699 1724 νόμους,

141 1741 412 1795 νομοθετεῖν
458 1741 541 1794 τὴν
588 1742 753 1783 ἑαυτοῦ
801 1740 935 1783 πόλιν
968 1741 1158 1782 ἕκαστον
1191 1742 1424 1792 πείσαντα,
1460 1740 1612 1792 ἄλλως
1650 1740 1700 1782 δέ

142 1813 224 1865 μήε
250 1812 315 1854 ‘Si
333 1813 427 1864 quis
445 1812 612 1854 noverit
628 1813 744 1864 leges
763 1812 978 1864 prioribus
1001 1812 1211 1863 meliores,
1235 1824 1328 1854 eum
1354 1812 1473 1853 aiunt
1497 1815 1698 1865 oportere

142 1883 278 1935 ipsius
324 1883 491 1935 patriae
538 1883 868 1934 persuadentem
916 1883 1033 1935 leges
1067 1881 1196 1933 ferre;
1248 1882 1313 1923 sin
1346 1882 1484 1923 minus
1516 1882 1698 1933 noverit,

142 1965 224 1995 non
255 1953 481 2005 oportere.’
543 1953 718 1994 Temere
751 1953 907 2006 aliquis
931 1965 1024 1994 cum
1049 1956 1092 1993 et
1114 1953 1156 1993 in
1180 1952 1322 1994 verbis
1346 1951 1698 1994 antecedentibus

144 2028 187 2065 et
233 2024 276 2064 in
323 2023 644 2076 insequentibus
691 2024 869 2075 legisset
916 2023 1280 2075 praepositionem
1331 2022 1456 2073 παρά
1488 2034 1536 2064 eo
1570 2034 1699 2064 sensu

142 2098 408 2147 usurpatam,
441 2097 490 2135 ut
522 2094 784 2146 comparatio
808 2092 1062 2144 efficeretur,
1096 2093 1164 2134 hic
1186 2105 1351 2145 quoque
1376 2092 1552 2134 eandem
1575 2104 1699 2144 prae-

144 2165 317 2217 scripsit
350 2165 546 2217 genetivo
580 2166 673 2205 τῶν
706 2162 967 2216 ἔμπροσθεν
1000 2162 1072 2218 (sc.
1098 2162 1283 2217 νόμων),
1318 2163 1389 2215 qui
1416 2162 1507 2214 ipse
1531 2174 1699 2215 quoque

143 2236 226 2276 vim
273 2234 453 2276 haberet
501 2235 847 2287 comparativam.
922 2234 1196 2275 Removenda
1243 2233 1376 2285 igitur
1424 2235 1524 2274 sunt
1569 2232 1700 2274 verba

144 2304 269 2358 παρὰ
301 2305 425 2356 τούς;
462 2317 560 2346 nam
594 2309 668 2345 aut
701 2305 922 2357 genetivus
956 2304 1131 2356 ponitur
1165 2302 1478 2354 comparativus
1511 2306 1585 2343 aut
1608 2302 1700 2343 sola

144 2376 421 2428 praepositio.
472 2375 605 2426 Quam
631 2375 812 2428 exempli
838 2386 964 2416 causa
988 2374 1224 2415 invenimus
1249 2373 1304 2414 ib.
1328 2371 1510 2413 XXXIX
1533 2371 1697 2426 (med.):

145 2444 319 2487 ὁπόταν
368 2444 470 2486 ἄλλ’
518 2445 641 2498 αὐτῷ
689 2444 852 2498 βελτίω
903 2443 1008 2497 δόξῃ
1049 2443 1174 2495 παρὰ
1207 2441 1262 2483 τὰ
1294 2442 1587 2494 γεγραμμένα.
1650 2442 1700 2483 In

143 2515 356 2569 Xenoph.
387 2514 548 2570 Cyrop.
581 2515 632 2557 II
665 2517 700 2566 1,
734 2516 785 2556 13
819 2516 862 2556 in
896 2514 1039 2556 verbis
1079 2511 1195 2554 ἀλλὰ
1227 2513 1387 2553 παντὶ
1419 2512 1598 2564 τρόπῳ
1633 2510 1704 2552 δεῖ

144 2588 238 2627 τῶν
271 2584 452 2638 ἀνδρῶν
484 2584 640 2638 θήγειν
672 2586 893 2636 πάντως
914 2584 966 2625 τὸ
992 2584 1207 2637 φρόνημα
1230 2583 1476 2625 adverbium
1500 2581 1698 2633 πάντως,

147 2656 261 2709 quod
293 2656 377 2697 iam
401 2656 589 2709 Sauppio
623 2660 867 2709 suspectum
902 2656 1139 2707 videbatur,
1174 2654 1266 2694 inre
1290 2652 1556 2705 expunxeris.
1611 2653 1701 2693 Mo-

144 2725 298 2768 lestam
366 2727 592 2769 verborum
658 2727 930 2769 iterationem
998 2725 1187 2767 invenies
1254 2724 1297 2765 in
1365 2722 1531 2766 Galeni
1594 2724 1702 2776 περὶ

1371 2792 1416 2827 2*
