2039 3188
1065 170 1089 211 8

292 286 341 329 ὁέ
363 301 431 340 με,
455 287 593 340 inquit
615 285 639 327 ὁ
662 285 867 338 κωκυτὸς
889 286 1018 339 ὑμῶν
1042 287 1213 341 ὀνίνησι
1231 287 1348 341 καὶὴ
1463 290 1759 339 στερνοτυπία
1775 290 1851 331 καὶ

289 358 318 411 ἡ
429 356 637 409 ἀμετρία,·
659 357 702 397 τί
723 355 771 397 ὁὲ
794 355 817 397 ὁ
840 355 953 408 ὑπὲρ
977 360 1058 399 τοῦ
1081 358 1231 411 τάφου
1255 357 1409 410 λίθος;
1432 357 1458 411 ἢ
1478 359 1521 400 τί
1536 358 1643 411 ὑμῖν
1660 357 1850 401 ὁύναται

289 427 384 469 τὸν
404 426 600 479 ἄκρατον
618 426 785 480 ἐπιχεῖν
796 442 809 479 ,·
832 428 969 478 Quid?
988 440 1081 471 cum
1099 429 1256 482 ubique
1273 429 1528 482 nominibuS,
1549 442 1658 484 quae
1676 442 1847 483 praece-

290 499 409 547 dunt,
427 498 631 540 articulus
649 499 706 540 sit
723 499 995 551 praemissus,
1023 512 1161 541 nonne
1179 500 1390 542 Lucianus
1414 501 1657 554 scripserit:
1682 500 1733 542 τὸ
1756 499 1849 542 τὸν

291 568 488 621 ἄκρατον
511 568 706 622 ε’πιχεῖνῬ
739 569 826 612 Nec
848 562 930 612 nou
955 570 997 612 in
1020 569 1199 615 Anach.
1219 570 1271 613 27
1290 572 1496 614 articulus
1514 571 1621 625 τοὺς
1638 576 1735 625 post
1752 583 1849 625 pro-

289 652 441 682 nomen
461 638 595 691 οὗτος
612 640 844 683 intercidit.
868 640 1016 684 Sermo
1036 642 1146 684 enim
1166 646 1231 684 est
1250 643 1419 685 deludo
1439 643 1544 685 disci
1563 644 1758 694 iaciendi‚
1777 642 1849 696 qui

289 710 357 753 his
379 711 521 753 verbis
540 711 760 753 laudatur:
780 712 854 752 καὶ
873 711 895 753 ὁ
914 712 1058 764 πόνος
1077 710 1198 754 οὗτο
1210 726 1231 765 ς
1247 713 1334 767 (hic
1351 714 1665 756 restituendum
1682 715 1849 757 videtur

289 781 435 835 τοὺς)
465 780 619 834 ὤμους
643 796 691 824 τε
717 781 868 824 αὐτῶν
892 783 1101 835 κρατύνει
1132 785 1206 825 καὶ
1232 784 1367 826 τόνον
1399 788 1496 837 τοῖς
1530 784 1683 837 ἄκροις
1716 785 1850 828 ἐπιτί-

290 853 441 907 θησιν.
462 853 668 895 Similiter
685 854 728 895 in
742 852 928 897 Conviv.
941 853 989 896 13
1008 855 1304 908 corrigendum
1322 856 1510 898 videtur:
1525 854 1705 909 Ἄπαγε,
1727 856 1850 910 φησί,

293 927 547 977 γυναικεῖον
580 922 720 977 λέγεις
753 925 827 966 καὶ
858 923 1124 978 μαλθακὸν
1157 925 1214 967 τὸ
1253 925 1325 967 ἐπὶ
1360 925 1535 979 θρόνου
1567 925 1849 980 καθίζεσθαι.

409 995 458 1036 In
504 995 748 1038 Prometh.
790 1008 824 1039 s,
863 995 1050 1040 Caucas.
1080 996 1106 1038 2
1138 997 1394 1040 Prometheo
1427 998 1663 1041 Vulcanum
1685 998 1852 1040 Mercu-

291 1067 487 1119 riumque
534 1066 793 1119 imploranti,
842 1071 891 1109 ut
937 1067 1071 1120 ipsius
1115 1080 1187 1110 eos
1227 1069 1443 1118 misereat,
1476 1069 1707 1123 respondet
1739 1069 1851 1111 Mer-

293 1138 456 1180 curius·
508 1136 672 1179 Τοῦτο
708 1138 810 1191 φής,
851 1136 887 1179 ὦ
920 1136 1189 1192 Προμηθεῦ,
1228 1139 1286 1181 τὸ
1318 1139 1616 1194 κατελεήσατε
1649 1140 1747 1182 ἀντὶ
1769 1141 1852 1182 σοῦ

297 1207 748 1262 ἀνασκολοπισθῆναι
812 1208 973 1250 αὐτίκα
1021 1208 1146 1262 μάλα
1190 1211 1570 1263 παρακούσαντας
1626 1213 1707 1253 τοῦ
1761 1211 1852 1252 ἐπι-

293 1280 533 1332 τάγματος.
584 1279 745 1330 Quibus
777 1279 921 1322 verbis
955 1281 1155 1324 sanandis
1188 1282 1269 1324 viri
1303 1283 1417 1325 docti
1445 1295 1618 1337 operam
1641 1285 1853 1325 navarunt

294 1352 379 1393 iam
411 1349 546 1392 multi.
596 1352 657 1393 Ac
688 1350 937 1394 Dindorfius
970 1359 1014 1393 et
1045 1352 1309 1396 Fritzschius
1333 1358 1630 1407 expunxerunt
1651 1353 1702 1395 τὸ
1726 1365 1852 1395 κατε-

294 1421 485 1475 λεήσατε
504 1425 553 1464 ut
575 1422 1008 1476 interpretamentum
1032 1424 1294 1476 pronominis
1317 1427 1468 1478 τοῦτο,
1494 1437 1587 1467 cum
1610 1425 1852 1477 Madvigius

294 1493 472 1536 eandem
519 1493 736 1536 notionem
780 1497 1060 1537 commutaret
1092 1496 1134 1537 in
1167 1494 1219 1536 τὸ
1253 1495 1518 1549 κατελεῆσαι
1551 1500 1593 1538 et
1625 1495 1852 1538 articulum

295 1563 347 1605 τὸ
380 1565 561 1607 iniceret
593 1568 692 1607 ante
727 1564 837 1609 ἀντί.
888 1565 1278 1609 Sommerbrodtius
1313 1571 1454 1610 autem
1489 1568 1630 1610 verbis
1653 1567 1705 1609 τὸ
1727 1580 1853 1609 κατε-

294 1633 485 1688 λεήσατε
517 1649 539 1678 e
571 1640 691 1679 textu
724 1638 909 1679 'remotis
941 1650 1070 1690 porro
1104 1638 1277 1692 scripsit
1311 1638 1409 1680 ἀντὶ
1440 1641 1521 1681 τοῦ
1556 1637 1855 1681 ἀνασκολοπί-

296 1705 440 1760 σθητε
472 1706 546 1760 ἅμ’
582 1707 754 1751 αὐτίκα.
802 1709 860 1750 At
893 1709 982 1750 sive
1014 1710 1244 1752 retinueris
1278 1710 1352 1751 illa
1384 1710 1514 1753 verba
1546 1711 1635 1753 sive
1659 1710 1853 1761 eieceris‚

294 1777 456 1820 leviore
487 1779 724 1821 mutatione
754 1780 897 1822 sanari
920 1792 1046 1832 posse
1069 1781 1240 1824 videtur
1261 1780 1400 1823 locus:
1434 1781 1552 1834 legas
1582 1779 1752 1822 Ταῦτὸ
1776 1793 1854 1834 pro

303 1846 444 1891 Τοῦτο
477 1854 520 1891 et
552 1851 757 1893 restituas
791 1851 1019 1892 articulum
1051 1853 1121 1904 τῷ
1155 1855 1254 1893 ante
1287 1852 1415 1894 verba
1449 1851 1547 1893 ἀντὶ
1580 1853 1661 1893 σοῦ
1696 1851 1853 1895 ἀνασκ.

296 1919 413 1962 Haec
436 1921 587 1963 evadet
610 1922 843 1964 sententia:
879 1921 1015 1964 ‘Idem
1045 1922 1109 1964 ais
1133 1934 1181 1964 ac
1205 1923 1318 1965 cruci
1341 1935 1467 1975 quam
1492 1923 1713 1965 celerrime
1735 1921 1854 1976 affigi

296 1994 369 2033 tuo
403 1992 495 2034 loco
529 2005 604 2035 nos
637 2006 721 2035 non
755 1993 1029 2035 oboedientes
1062 1993 1275 2046 imperio’.

416 2064 465 2105 In
489 2063 681 2106 Phalar.
703 2062 743 2107 Α
760 2063 802 2106 4.
835 2064 1031 2107 Phalaris
1066 2065 1191 2118 cives,
1212 2065 1284 2117 qui
1318 2067 1467 2106 contra
1499 2064 1638 2117 ipsum
1663 2065 1858 2106 coniura-

297 2135 473 2187 vissent,
512 2136 623 2178 inter
661 2139 876 2178 tormenta
914 2135 1129 2179 confessos
1168 2148 1262 2178 esse
1301 2136 1417 2187 dicit,
1472 2148 1576 2189 quas
1618 2148 1779 2189 poenas
1813 2136 1856 2177 in

298 2210 525 2259 tyrannum
574 2207 908 2250 constituissent.
963 2207 1053 2249 Iam
1090 2207 1126 2249 si
1163 2207 1268 2249 haec
1307 2207 1506 2260 legimus:
1546 2208 1628 2248 τοῦ
1671 2206 1755 2259 μὲν
1801 2205 1856 2259 ὀὴ

299 2276 441 2330 μηδὲν
469 2276 639 2320 παθεῖν
660 2280 868 2321 τοιοῦτον
901 2279 942 2320 οἱ
974 2277 1077 2320 θεοὶ
1110 2278 1256 2330 αἴτιοι,
1290 2279 1586 2320 desiderantes
1620 2278 1858 2320 subiectum

299 2349 419 2390 verbi
485 2348 655 2390 παθεῖν
717 2350 927 2403 suspicari
980 2350 1171 2403 cogimur
1222 2354 1321 2402 post
1366 2348 1509 2403 μηδὲν
1556 2350 1748 2392 voculam
1795 2363 1859 2402 με

303 2432 553 2473 oppressum
578 2433 670 2463 esse
692 2424 872 2474 propter
893 2421 1214 2464 similitudinem
1237 2421 1580 2463 antecedentium
1598 2421 1857 2467 litterarum.

422 2491 608 2533 Transeo
657 2492 709 2533 ad
757 2505 830 2534 eos
867 2493 998 2546 locos,
1047 2493 1118 2546 qui
1157 2493 1198 2534 in
1234 2493 1329 2534 aliis
1363 2492 1646 2546 scriptoribus
1681 2493 1857 2537 Graecis

303 2563 405 2604 mihi
439 2567 716 2604 occurrerunt
748 2564 897 2605 eodem
918 2564 1043 2606 modo
1066 2564 1283 2606 maculati.
1333 2561 1537 2607 Galenus
1567 2566 1674 2619 περὶ
1698 2563 1859 2618 ψυχῆς

304 2631 484 2672 παθῶν
503 2633 566 2675 IV
584 2633 657 2677 15:
692 2633 736 2676 Si
759 2635 867 2687 quis,
891 2634 1045 2688 inquit,
1071 2635 1382 2688 quinquaginta
1402 2647 1535 2677 annos
1558 2639 1685 2677 natus
1708 2647 1858 2688 aegro-

304 2707 417 2745 taret
450 2716 639 2757 corpore,
675 2705 717 2746 id
750 2718 835 2748 non
868 2710 1092 2759 pateretur
1125 2707 1237 2748 malo
1271 2706 1422 2748 habitu
1455 2707 1667 2758 laborare,
1702 2706 1778 2748 sed
1802 2706 1856 2747 ad

306 2773 522 2817 meliorem
541 2780 700 2819 statum
719 2777 953 2830 perducere
973 2778 1095 2820 enixe
1114 2779 1320 2830 studeret,
1341 2779 1510 2821 etiamsi
1523 2777 1723 2821 Herculis
1740 2777 1858 2819 illius
