2039 3188
1068 175 1118 213 16

308 288 419 328 ccdit
442 286 554 340 quod
578 285 705 338 paulo
734 285 911 327 inferius
937 287 1095 338 legitur
1123 289 1208 330 ἔστ’
1237 289 1290 331 ἂν
1315 292 1483 340 ἐκεῖνος
1507 285 1756 340 ἀποτελέσῃ
1780 286 1859 328 τὸν

310 357 531 410 ἀθλητήν,
557 355 607 398 ὃν
625 355 776 408 λέγεις.
832 356 984 410 Itaque
1003 359 1200 409 quoniam
1219 373 1299 403 vox
1316 361 1428 402 «θεὸν
1448 365 1511 401 cst
1529 370 1856 411 supervacanea,

309 442 358 470 cx
376 428 669 480 dittographia
688 440 837 469 censeo
855 440 945 468 eam
965 433 1109 469 natam
1125 434 1337 472 extremae
1355 433 1542 485 syllabae
1566 429 1860 472 antecedentis

308 499 505 541 adiectivi
531 497 814 542 πολύαθλον.
845 498 938 548 Non
968 499 1107 540 minus
1127 499 1384 551 superfluum
1410 508 1476 544 est
1494 503 1667 544 innial.
1690 500 1816 543 deor.
1834 499 1860 541 I

307 583 458 612 nomen
478 569 677 611 αἰετόν.
711 570 816 612 Nam
837 571 949 623 quod
967 570 1268 612 Prometheus:
1289 571 1450 619 ,Nonne
1468 574 1550 614 iam
1570 574 1688 622 satis,
1708 571 1859 624 inquit,

308 654 470 694 poenae
489 641 596 682 solvi
612 645 777 683 tantum
793 642 997 694 temporis
1011 641 1198 683 Caucaso
1215 640 1378 683 adfixus
1395 641 1474 683 τὸν
1486 644 1674 686 κάκιστα
1689 643 1861 695 ὀρνέων

308 711 625 764 ἀπολούμενον
654 712 838 765 τρέφων
863 712 1038 765 ἥπαται
1070 713 1316 765 languidum
1342 712 1410 753 hic
1436 718 1502 754 est
1525 727 1675 757 nomen
1697 714 1859 764 αἰετόν,

307 785 418 837 quod
436 784 478 825 in
497 784 618 825 libris
634 796 730 826 mss.
746 788 845 836 post
861 784 1134 837 participium
1152 782 1468 836 ἀπολούμενον
1486 785 1689 836 scriptum
1703 786 1862 828 inveni-

307 861 389 905 tur,
409 855 567 908 quippe
587 867 679 896 cum
695 855 738 896 in
754 855 858 907 ipsis
872 855 984 897 Iovis
998 855 1139 896 verbis
1152 855 1502 897 antecedentibus
1515 859 1617 897 nota
1633 855 1707 897 illa
1718 855 1863 898 fabula

308 929 674 979 commemoretur,
696 939 779 979 qua
796 926 1041 968 Promethei
1060 927 1175 968 iecur
1194 927 1393 968 avulture
1406 926 1591 967 traditur
1600 926 1860 968 devoratum.

424 998 550 1039 Haud
576 1010 674 1039 raro
694 998 747 1038 ad
765 998 1132 1050 interpretandam
1152 998 1331 1039 alteram
1349 1010 1494 1040 vocem
1512 997 1693 1038 alterum
1711 1008 1863 1039 nomen

307 1081 596 1122 synonymum,
627 1069 740 1122 quod
777 1069 960 1121 margini
995 1072 1090 1110 erat
1122 1069 1398 1122 adscriptum,
1433 1068 1794 1121 posteaascribis
1818 1069 1861 1110 in

307 1146 470 1182 textum
509 1144 573 1182 est
621 1144 854 1193 receptum.
900 1139 1029 1182 Cuius
1079 1140 1141 1182 rei
1174 1139 1411 1192 exemplum
1435 1140 1649 1181 invenitur
1670 1140 1714 1180 in
1736 1139 1860 1182 nial.
1892 1183 1895 1185 ,

307 1212 431 1255 deor.
492 1211 581 1253 XX
625 1211 665 1253 4.
731 1212 888 1254 Veneri
981 1212 1203 1265 quaerenti
1264 1224 1354 1253 cum
1417 1210 1655 1252 Mercurius
1707 1210 1864 1253 dixerit

308 1295 479 1324 uxorem
513 1294 606 1325 esse
638 1283 784 1324 Paridi
816 1283 988 1324 Idaeam
1022 1287 1065 1324 et
1096 1283 1443 1335 interrogaverit,
1478 1294 1551 1323 cur
1582 1281 1670 1323 tale
1702 1282 1864 1335 aliquid

306 1358 504 1407 quaerat,
578 1354 723 1396 Venus
783 1354 1035 1407 respondet:
1104 1352 1290 1405 Ἄλλως,
1333 1352 1524 1406 ἠρόμην.
1601 1353 1690 1403 Quo
1751 1352 1864 1394 facto

305 1425 542 1467 Mercurius
565 1425 797 1477 Minervae,
823 1437 932 1478 quae
965 1425 1135 1478 quidem
1168 1437 1262 1466 eum
1296 1436 1388 1466 cum
1412 1424 1579 1466 Venere
1609 1424 1715 1465 clam
1740 1424 1867 1466 collo-

306 1501 504 1549 quentem
544 1496 909 1547 animadverterit,
944 1496 1243 1550 interroganti,
1278 1496 1378 1549 quid
1417 1499 1460 1537 et
1489 1507 1562 1537 cur
1590 1495 1695 1537 illud
1723 1495 1866 1537 Venus

307 1567 567 1609 sciscitetur:
622 1566 713 1608 Οὐκ
747 1566 862 1618 οἷὸα,
897 1568 1047 1619 inquit,
1097 1568 1207 1620 φησὶ
1239 1566 1275 1608 ὁ’
1311 1565 1392 1607 οὗν
1425 1564 1494 1607 ὅτι
1529 1564 1682 1618 ἄλλως
1715 1565 1866 1607 ἐπελ-

305 1636 431 1689 θόν,
466 1637 547 1679 οὐκ
581 1636 790 1691 ἐπίτηδες
821 1637 970 1691 ἤρετο.
1020 1639 1093 1680 Bis
1127 1639 1238 1679 idem
1273 1638 1525 1690 exprimitur
1549 1637 1690 1679 verbis
1714 1635 1868 1688 ἄλλως

309 1713 352 1749 et
374 1708 592 1760 ἐπελθόν;
621 1722 748 1762 quam
771 1710 823 1751 ob
848 1722 937 1750 rem
961 1709 1038 1751 hoc
1060 1711 1102 1751 in
1126 1710 1361 1762 marginem
1384 1709 1611 1750 remittam.
1665 1708 1868 1750 Eiusdem

309 1784 373 1822 est
407 1781 582 1833 originis
622 1781 895 1833 participium
928 1779 1157 1831 ὑποδύς,
1201 1781 1315 1833 quod
1347 1781 1389 1822 in
1422 1779 1544 1822 libris
1576 1782 1717 1821 exstat
1747 1779 1868 1820 iuxta

308 1850 511 1902 ὑποστάς
528 1852 713 1904 positum
729 1852 771 1892 in
786 1841 912 1894 nial.
931 1851 1074 1893 mort.
1092 1850 1275 1893 XXVII
1293 1851 1334 1904 3,
1352 1851 1424 1892 ubi
1445 1851 1617 1892 Arsacis
1636 1850 1866 1892 trucidatio

311 1922 465 1964 ceteris
497 1924 631 1964 multo
666 1923 909 1975 praegressi
959 1926 1001 1964 et
1034 1935 1058 1964 a
1091 1922 1254 1964 Thrace
1294 1922 1479 1975 quodam
1511 1922 1760 1974 interempti
1794 1922 1866 1963 de-

309 1993 509 2034 scribitur
556 1994 623 2035 his
671 1994 831 2035 verbis:
882 1993 1125 2045 ὑποστὰς
1173 1992 1222 2034 δὲ
1269 1993 1293 2034 ὁ
1329 1991 1449 2046 Θρᾶξ
1493 1995 1546 2046 τῇ
1593 1992 1737 2046 πέλτῃ
1783 1992 1868 2045 μὲν

307 2063 408 2105 ὑπο
421 2062 512 2116 ὁὺς
547 2064 805 2106 ἀποσείεται
837 2067 919 2106 τοῦ
960 2063 1178 2117 Ἀρσάκου
1211 2063 1290 2105 τὸν
1322 2064 1497 2105 κοντόν.
1548 2063 1706 2106 Similis
1730 2063 1867 2116 dupli-

310 2135 420 2176 catio
454 2136 641 2178 eiusdem
677 2137 863 2178 notionis
897 2136 1082 2178 occurrit
1121 2136 1163 2177 in
1192 2135 1331 2177 verbis
1364 2134 1498 2189 Apol.
1530 2134 1599 2178 14:
1649 2134 1867 2188 Siquidem

309 2210 480 2258 oportet
513 2208 695 2259 probum
727 2208 862 2249 virum
886 2209 927 2249 in
951 2208 1078 2249 rebus
1103 2207 1300 2260 gerendis
1324 2219 1369 2248 se
1392 2210 1614 2259 praestare
1638 2205 1866 2258 efficacem,

310 2291 390 2330 quo
440 2279 523 2319 alio
571 2280 696 2321 modo
746 2292 790 2321 se
838 2279 1109 2332 praestiterit
1156 2278 1238 2320 nisi
1280 2290 1364 2319 una
1400 2290 1492 2319 cum
1525 2278 1673 2320 amicis
1706 2278 1868 2330 optima

310 2350 535 2391 intendens
560 2349 644 2391 κάν
667 2352 731 2403 τῷ
754 2351 879 2403 μέσῳ
902 2348 1194 2402 ὑπαίθριος
1216 2352 1378 2401 πεῖραν
1402 2348 1542 2390 αὑτοῦ
1565 2347 1718 2400 ὃιὸοὺς
1740 2347 1868 2400 ὅπως

314 2418 400 2472 ἔχει
431 2421 628 2472 πίστεως
660 2422 734 2462 καὶ
767 2420 970 2474 σπουδῆς
1001 2420 1075 2462 καὶ
1103 2419 1281 2471 εὐνοίας
1303 2419 1419 2472 πρὸς
1438 2419 1494 2461 τὰ
1517 2420 1868 2473 ἐγκεχειρισμένα

401 2526 409 2533 .
453 2490 527 2532 Ἐν
575 2493 640 2544 τῷ
685 2493 810 2545 μέσῳ
859 2491 919 2545 (in
967 2490 1155 2546 publico)
1203 2492 1314 2533 idem
1364 2495 1428 2533 est
1475 2492 1554 2534 hoc
1598 2491 1691 2533 loco
1740 2495 1869 2544 atque

306 2561 549 2615 ὑπαίθρως
621 2562 716 2617 (sub
777 2564 907 2616 divo).
987 2564 1272 2605 Removeatur
1325 2563 1454 2616 igitur
1517 2561 1761 2615 ὑπαίθρως
1819 2564 1868 2603 ut

308 2634 519 2686 glossema
551 2638 712 2677 temere
745 2635 787 2676 in
819 2638 983 2677 textum
1031 2637 1264 2687 receptum.
1330 2634 1490 2676 Eadem
1523 2637 1590 2676 est
1622 2634 1740 2686 origo
1773 2645 1866 2674 ver-

306 2704 455 2745 borum
480 2704 532 2757 ές
556 2704 613 2747 τὸ
635 2704 993 2759 μελάντερον,
1022 2718 1130 2758 quae
1153 2705 1196 2746 in
1219 2704 1393 2748 Anach.
1416 2704 1473 2748 25
1495 2705 1593 2747 huic
1625 2704 1865 2747 sententiae

309 2780 518 2828 apparent
540 2777 724 2819 inserta:
751 2776 876 2818 οὗτοι
898 2775 947 2818 ὁὲ
963 2776 1072 2829 ἡμῖν
1090 2775 1344 2829 ὑπέρυθροι
1363 2777 1439 2829 εἰς
1455 2775 1514 2818 τὸ
1531 2774 1867 2830 μελάντερον
