2039 3188
914 149 964 189 11

159 266 244 308 uni
291 266 419 308 militi
468 265 678 308 detracto'
731 266 986 308 correxerim
1019 278 1113 308 του
1154 265 1245 307 τὸν
1276 264 1481 318 θυρεόν
1513 266 1712 318 (alicuius

159 338 356 387 scutum).
431 336 530 378 Tam
588 335 793 389 ‚parvulas
855 349 979 379 voces
1041 336 1242 379 facillime
1304 349 1556 390 suppressas
1620 349 1714 379 esse

160 407 213 449 ob
235 408 477 451 litterarum
502 407 822 449 similitudinem
846 407 931 449 iam
955 420 1085 461 supra
1108 408 1543 450 commemoravimus.
1585 407 1713 450 Cuius

159 479 223 520 rei
269 477 505 530 exemplum
545 481 686 520 exstat
733 479 862 520 etiam
909 479 950 519 in
986 478 1205 521 Platonis
1237 478 1525 533 Protagora,
1567 478 1639 520 ubi
1670 479 1714 520 in

164 549 304 602 capite
341 550 394 590 16
428 549 666 601 exponitur,
716 549 752 590 si
800 549 1061 602 reipublicae
1100 548 1422 590 fundamentum
1462 549 1715 591 collocatum

161 623 276 663 esset
306 631 389 662 non
423 623 510 661 tam
544 620 586 661 in
619 619 788 662 iustitia
819 623 863 662 et
890 620 932 661 in
965 614 1354 671 legibuscolendis
1386 633 1511 672 quam
1544 620 1587 661 in
1621 625 1714 662 arte

160 690 278 733 tibiis
311 690 503 743 canendi,
539 694 581 732 et
604 691 639 732 si
663 691 773 732 alter
796 691 977 733 alterum
1010 691 1119 732 hanc
1152 694 1287 732 artem
1322 691 1475 733 docere
1508 692 1713 743 studeret,

160 765 302 805 tamen
335 775 419 804 non
454 773 599 803 omnes
633 762 809 803 eximios
841 761 1009 803 futuros
1043 773 1137 803 esse
1169 761 1382 803 tibicines.
1431 761 1519 802 Iam
1543 763 1578 803 si
1611 762 1716 805 haec

160 833 292 875 verba
324 837 581 886 sequuntur:
617 831 714 874 ἀλλ’
751 831 832 874 οὗν
865 831 1059 886 αὐληταὶ
1079 834 1187 885 γοῦν
1209 832 1377 884 πάντες
1398 832 1537 886 ἦσαν
1559 833 1716 874 ἱκανοὶ

164 902 228 955 ὡς
258 902 374 956 πρὸς
405 902 513 954 τοὺς
545 902 730 955 ἰδιώτας
761 904 834 945 καὶ
865 902 1009 957 μηδὲν
1042 902 1278 956 αὐλήσεως
1310 903 1568 956 ἐπαΐοντας,
1605 904 1715 946 desi-

164 974 339 1016 deratur
378 974 593 1027 particula
632 973 715 1026 ἂν,
764 987 873 1027 quae
905 975 1102 1017 socordia
1135 975 1369 1016 scribarum
1403 974 1527 1016 facile
1561 975 1717 1017 excidit

160 1048 258 1097 post
294 1043 353 1098 ἧσ
366 1059 440 1087 αν.
502 1046 713 1087 Universa
753 1046 864 1087 enim
897 1045 1113 1088 sententia
1145 1047 1403 1088 describitur
1436 1059 1505 1088 res
1538 1045 1639 1087 ficta
1673 1051 1716 1087 et

163 1116 420 1169 excogitata,
456 1120 614 1158 etcum
638 1121 766 1158 antea
787 1118 946 1170 ubique
970 1121 1012 1159 et
1043 1130 1212 1170 semper
1245 1118 1392 1158 addita
1425 1121 1634 1170 appareat
1667 1131 1717 1160 ea

160 1188 385 1239 particula,
435 1201 488 1230 ne
535 1189 613 1230 hoc
662 1188 832 1241 quidem
866 1189 907 1229 in
943 1189 1163 1230 enuntiato
1198 1188 1315 1230 illam
1350 1189 1549 1230 omissam
1583 1189 1716 1231 fuisse

162 1259 411 1300 censuerim.

277 1330 394 1372 Haec
440 1330 570 1371 habui
603 1343 710 1383 quae
745 1331 950 1372 eiusmodi
984 1343 1033 1371 ex
1066 1331 1230 1382 graecis
1271 1330 1506 1383 proferrem
1537 1330 1715 1379 litteris;

160 1402 282 1443 venio
323 1413 434 1442 nunc
467 1402 521 1443 ad
554 1402 786 1455 scriptores
818 1402 988 1443 latinos.
1052 1401 1154 1444 Liv.
1186 1402 1357 1445 XXIII
1383 1404 1406 1443 5
1439 1406 1588 1443 narrat
1620 1406 1720 1454 post

158 1469 427 1514 Cannensem
475 1473 638 1514 cladem
671 1473 907 1515 Varronem
956 1473 1170 1515 consulem
1206 1473 1514 1526 Campanorum
1562 1473 1718 1526 legatis

162 1543 451 1584 calamitatem
492 1544 780 1585 Romanorum
828 1544 1187 1597 conquerentibus
1236 1546 1460 1597 omniaque
1508 1557 1616 1597 quae
1664 1545 1718 1585 ad

158 1612 318 1655 bellum
367 1626 473 1666 opus
521 1618 665 1656 essent
697 1613 971 1657 offerentibus
1006 1616 1164 1658 dixisse
1196 1616 1241 1656 in
1275 1620 1397 1657 tanta
1431 1616 1549 1657 clade
1581 1628 1718 1668 paene

158 1683 244 1726 illis
291 1685 450 1726 bellum
498 1686 816 1738 suscipiendum
865 1698 958 1728 esse
1007 1699 1084 1739 pro
1132 1687 1349 1728 Romanis.
1420 1686 1718 1728 Meminissent

157 1759 336 1808 propter
389 1756 505 1808 ipsos
562 1756 719 1798 bellum
776 1769 867 1798 cum
918 1757 1179 1799 Samnitibus
1233 1770 1310 1809 per
1364 1761 1531 1799 centum
1584 1770 1718 1810 prope

160 1839 293 1869 annos
341 1827 535 1869 variante
568 1827 741 1869 fortuna
775 1831 971 1869 eventum
1005 1829 1218 1870 Romanos
1251 1829 1412 1870 tulisse.
1475 1829 1564 1869 Iam
1597 1841 1717 1870 vero:

161 1898 354 1950 ‘Adicite‚
387 1899 539 1951 inquit,
574 1899 686 1951 quod
720 1900 774 1941 ad
812 1906 1061 1951 extremum,
1096 1900 1139 1940 id
1177 1900 1290 1953 quod
1330 1903 1429 1941 ante
1453 1898 1718 1941 Cannensem

162 1972 278 2010 certe
320 1969 482 2010 cladem
514 1970 742 2010 maximum
775 1969 868 2021 fuit,
920 1970 1134 2012 civitatem
1169 1974 1358 2012 nostram
1391 1983 1570 2024 magnae
1604 1971 1719 2024 parti

159 2043 349 2082 vestrum
383 2041 574 2083 dedimus
600 2041 1188 2095 communicavimusque
1211 2041 1487 2084 vobiscum.
1536 2041 1719 2095 Itaque

222 2111 280 2152 ..’
330 2111 425 2152 Non
470 2112 579 2154 bene
630 2113 840 2165 quadrare
889 2116 1078 2154 extrema
1126 2113 1257 2154 verba
1304 2113 1358 2154 ad
1405 2114 1718 2165 antecedentia,

164 2182 207 2222 in
241 2181 394 2235 quibus
427 2183 571 2235 agitur
603 2184 655 2226 de
689 2183 861 2225 civitate
885 2183 998 2234 data,
1034 2184 1139 2225 satis
1163 2184 1359 2237 exposuit
1380 2184 1432 2226 H.
1455 2183 1493 2227 J.
1513 2184 1718 2226 Mullerus

160 2252 201 2293 in
245 2253 524 2295 adnotatione
563 2254 687 2295 buius
720 2254 821 2303 loci;
870 2255 941 2307 qui
965 2258 1063 2307 post
1085 2255 1244 2297 vocem‘
1267 2255 1495 2297 vobiscum'
1521 2255 1721 2308 supplen-

162 2323 263 2365 dum
317 2328 461 2366 censet
519 2328 594 2366 aut
651 2325 901 2368 ‘conubium’
956 2330 1031 2367 aut
1083 2326 1430 2379 ‘rempublicam’.
1512 2327 1566 2368 At
1612 2326 1719 2367 illud

161 2407 245 2436 non
277 2396 384 2438 satis
416 2409 612 2449 magnam
646 2397 728 2438 vim
761 2397 903 2447 habet,
938 2397 1016 2439 hoc
1051 2409 1124 2438 cur
1156 2396 1424 2439 interciderit
1459 2411 1542 2439 non
1579 2398 1714 2440 video.

161 2466 209 2508 In
242 2466 566 2522 insequentibus
617 2472 758 2510 autem
791 2469 932 2510 verbis
981 2481 1074 2510 cum
1108 2472 1246 2512 exstet
1281 2470 1527 2511 ‘communis
1560 2469 1716 2522 patria’

165 2543 207 2581 et
250 2551 342 2581 cum
374 2543 609 2593 sequantur
642 2540 790 2582 verba:
842 2540 945 2581 ‘non
980 2552 1070 2582 cum
1107 2539 1296 2582 Samnite
1329 2545 1404 2582 aut
1436 2541 1615 2582 Etrusco
1649 2553 1718 2583 res

162 2614 242 2663 est,
274 2615 337 2658 ut,
371 2612 482 2664 quod
515 2624 541 2652 a
573 2611 694 2653 nobis
730 2611 922 2653 ablatum
955 2611 1023 2662 sit,
1058 2611 1099 2651 in
1132 2611 1299 2653 Italia
1327 2615 1468 2653 tamen
1492 2612 1718 2664 imperium

161 2682 361 2733 maneat',
410 2695 549 2724 nonne
596 2683 695 2724 inde
729 2682 1022 2735 collegendum
1071 2686 1136 2723 est
1184 2682 1312 2724 etiam
1347 2695 1478 2736 supra
1511 2683 1716 2736 scriptum

162 2750 293 2795 fuisse
314 2754 452 2807 ipsum
476 2767 629 2796 nomen
649 2754 935 2796 ‘Italiam'P
968 2753 1087 2804 Quod
1106 2766 1257 2796 nomen
1275 2754 1400 2797 facile
1418 2755 1557 2797 omitti
1576 2756 1719 2808 potuit
